3352 5237
737 417 849 481 DE
902 412 1511 485 THESSALONJCA
1548 415 1605 481 A
1662 415 1980 485 LATINIS
2021 414 2311 485 CAPTA.
2452 411 2598 485 367

418 565 560 633 ούιΓ
620 560 698 632 ἂν
732 564 955 648 παίζοι
1010 562 1303 650 χορεύων
1356 568 1429 631 ἕν
1484 569 1815 649 πένθεσιν,
1878 567 2090 635 ὁποῖον
2152 569 2233 657 δή
2273 595 2336 637 τι
2377 568 2490 635 καὶ
2523 568 2596 634 τὸ

421 667 593 732 πάνυ
636 666 965 732 καλλύνειν
1005 664 1155 741 τούς
1200 662 1429 749 λόγους
1463 670 1875 748 κομμωτικῶς
1915 672 1985 735 ἐν
2024 675 2427 754 σκυθρωποῖς
2465 662 2602 733 mi-

417 770 588 833 θεσι.
675 770 789 834 καί
827 767 909 832 τὰ
953 761 1119 833 ἄλλα
1164 766 1236 831 δὲ
1299 762 1703 851 συγγραφικά
1746 764 1885 852 εἴδη
1922 765 2264 856 σωφρόνως
2302 791 2606 853 μεταχει-

420 874 658 952 ριεῖται
693 863 851 933 κατὰ
892 867 1169 948 μέθοδον
1223 863 1436 948 ἰδίαν,
1494 858 1643 931 οὔτε
1707 865 2037 950 παράδοξα
2094 869 2363 946 ἐκτιθεὶς
2407 868 2603 937 οἰκού-

368 972 637 1047 §ouum
677 963 839 1032 κατὰ
887 962 1001 1030 τόν
1042 964 1286 1049 ὀἷπαθῆ
1347 963 1696 1050 ἱστορικόν,
1737 959 1866 1032 οὔτ’
1908 962 2072 1033 ἄλλα
2115 963 2238 1034 ὅσα
2284 966 2446 1053 πρός
2487 968 2604 1032 ούκ

418 1059 686 1148 ἄκαιρον
742 1067 1111 1151 φιλοτιμίαν
1161 1066 1277 1129 καί
1332 1065 1742 1145 πολυμαθίας
1782 1060 2046 1145 ἔνδειξιν
2082 1063 2144 1133 οἱ
2196 1065 2318 1149 ἔξω
2353 1064 2602 1146 πάθους

346 1208 349 1213 ,
416 1164 847 1249 τεχνάζονται.

586 1266 674 1330 Εἰ
706 1267 919 1330 τοίνυν
977 1267 1085 1329 καὶ
1153 1263 1269 1345 ἐμὲ
1332 1263 1573 1329 τοιόνδε
1634 1262 1780 1330 τινὰ
1841 1257 1880 1352 ἦ
1923 1267 2217 1349 παροῦσα
2259 1265 2594 1354 συγγραφὴ
2611 1280 2721 1335 268

424 1364 744 1450 διαδείξει,
787 1364 1015 1431 αὐτίκα
1056 1372 1371 1450 φανεῖται.
1452 1356 1709 1448 ἄρξεται
1746 1366 1819 1429 δὲ
1873 1363 1910 1429 ὅ
1952 1364 2451 1451 ύποτεταγμένος
2485 1365 2599 1430 λό-

338 1472 527 1547 1ογος
566 1465 921 1548 α’ναγκαίως
975 1466 1044 1543 ἐξ
1107 1456 1313 1528 αύτοῦ
1356 1460 1626 1549 πάθους,
1667 1460 1767 1531 ὅτι
1825 1467 1989 1551 μηδὲ
2027 1458 2108 1551 ἢν
2147 1466 2258 1531 τὸν
2297 1471 2368 1532 ἐν
2406 1468 2600 1532 ἐλεει-

419 1572 551 1640 νοῖς
589 1559 742 1631 ὄντα
810 1562 898 1648 μὴ
938 1562 1484 1647 τραγικεύσασθαι
1533 1559 1607 1628 τό
1648 1587 1722 1647 γε
1747 1567 2023 1650 πρῶτον.
2109 1556 2247 1629 εἶτα
2293 1563 2601 1630 καθιστά-

415 1686 605 1747 μενος
649 1663 763 1729 τοῦ
801 1660 1033 1749 οἴκτου,
1075 1667 1188 1728 καί
1223 1685 1284 1728 τι
1325 1661 1487 1749 πρὸς
1523 1663 1721 1747 βάρος
1759 1662 2300 1747 ύπομεμψάμενος
2345 1663 2457 1730 τὸν
2497 1663 2598 1731 αἴ-

418 1787 555 1830 τιον
593 1762 705 1828 κατ’
743 1764 1068 1829 συναίτιον
1093 1768 1209 1826 τοῦ
1247 1765 1461 1849 κακοῦ,
1502 1762 1830 1848 γενήσεται
1868 1767 1986 1831 τοῦ
2009 1762 2120 1829 καὶ
2145 1764 2447 1849 εύκρινῶς
2487 1766 2601 1830 καί

418 1865 677 1950 σαφῶς,
729 1864 842 1930 ἐπί
875 1885 940 1926 τι
1000 1864 1070 1929 δὲ
1110 1859 1223 1926 καί
1267 1861 1610 1945 μεγαλείως
1671 1864 2107 1950 α’φηγεῖσθαι·
2189 1864 2300 1928 καί
2341 1867 2434 1949 πῆ
2473 1866 2595 1947 μὲν

334 1975 403 2029 15
421 1961 695 2048 α’φελῶς,
737 1959 826 2037 ὥς
865 1962 1094 2047 ἐχρῆν,
1133 1964 1226 2045 πῆ
1283 1963 1357 2027 δὲ
1395 1964 1507 2027 καί
1546 1959 2041 2050 γλαφυρώτερον
2071 1963 2183 2028 καί
2215 1960 2340 2027 α’πὸ
2388 1952 2593 2050 κέφα-

416 2063 532 2144 λῆς
573 2061 910 2146 ἠργμένος,
966 2051 1040 2146 ἧς
1105 2060 1294 2125 ούδὲν
1363 2062 1627 2146 καιρίους
1685 2059 2127 2148 πρεσβύτερον,
2166 2060 2593 2149 καταβήσεται

416 2162 510 2239 εἰς
545 2158 624 2226 τοὶ
665 2159 940 2245 ἐχόμενα
991 2162 1137 2225 καθ’
1192 2155 1414 2247 εἱρμὸν
1465 2159 1579 2225 καὶ
1630 2158 1809 2236 τάξιν
1849 2156 1929 2224 ού
1969 2159 2168 2250 πάντῃ
2210 2163 2593 2251 αἰτεριλοίλη-

417 2282 525 2326 τον
551 2306 571 2341 ,
610 2261 721 2325 καὶ
789 2253 1029 2343 ἅψεται
1086 2258 1279 2325 πάλιν
1338 2262 1465 2325 τῶν
1494 2263 1618 2344 τῆς
1652 2256 1950 2337 ἇλαὶσεως
2003 2257 2390 2347 πλατύτερον
2429 2262 2589 2329 κατὰ

417 2362 629 2425 πᾶσαν
672 2353 964 2444 ἀνάγκην,
1005 2359 1147 2425 ἐπεὶ
1180 2360 1290 2424 καί
1327 2355 1487 2444 αὕτη
1524 2360 1806 2442 μάλιστα
1845 2358 1968 2444 πρὸ
2016 2358 2201 2446 ἔργου
2238 2361 2593 2447 ύποβέβλη.

329 2469 521 2527 wrm
563 2461 638 2546 τῇ
676 2461 1030 2546 συγγραφῇ.
1114 2451 1209 2522 ὅτι
1255 2459 1326 2521 δὲ
1370 2461 1479 2523 καί
1513 2467 1741 2544 σημεῖα
1790 2460 1862 2525 ἐν
1902 2469 2035 2536 τοῖς
2087 2460 2399 2538 τοιούτοις
2438 2484 2595 2546 προ-

418 2559 636 2646 φαίνει
678 2557 752 2624 τό
792 2563 988 2642 θεῖον,
1030 2552 1076 2626 ἃ
1119 2556 1199 2644 δὴ
1244 2559 1575 2624 κάνταῦθα
1615 2558 1917 2644 ἐμφανῶς
1958 2561 2351 2646 προέλαμψε,
2393 2583 2594 2647 προσ..

419 2658 745 2745 εφάψεται
804 2661 917 2724 καί
971 2656 1268 2726 τοιούτων
1321 2662 1510 2724 τινῶν
1573 2655 1609 2722 δ
1649 2657 1830 2745 λόγος
1886 2661 1977 2737 εἷς
2015 2658 2389 2747 σύμμετρον.
2478 2661 2597 2727 ούκ

423 2935 637 3005 ingenti
693 2942 941 3005 separata
977 2935 1266 2989 intervallo
1306 2935 1512 3000 videns,
1564 2944 1755 2990 caveat
1787 2938 2053 3006 profecto,
2086 2936 2372 2990 immodice
2410 2937 2598 2991 indul·

424 3024 550 3078 gere
597 3005 919 3078 tragoediae.
1008 3022 1112 3059 nec
1154 3024 1285 3060 vero
1334 3007 1524 3059 luserit
1582 3007 1727 3059 idem
1780 3008 1839 3059 in
1880 3008 2028 3061 luctu
2091 3008 2343 3061 choream
2378 3007 2598 3074 ducens,

423 3078 604 3150 qualis
663 3086 746 3129 est
800 3078 1044 3147 quaesita
1095 3077 1194 3129 iila
1230 3079 1287 3130 in
1333 3077 1549 3146 lugubri
1607 3079 1919 3130 calamitate
1971 3079 2231 3132 emtionis
2299 3082 2598 3133 exornatio.

423 3148 571 3201 idem
609 3148 836 3219 reliqua,
872 3163 1013 3219 quae
1049 3147 1118 3199 ad
1153 3147 1432 3201 historiam
1469 3149 1766 3219 pertinent,
1805 3148 2101 3219 prudenter
2133 3150 2345 3202 ratione
2379 3152 2602 3220 propria

424 3222 696 3282 instituet,
732 3236 801 3271 ne
844 3237 909 3272 ue
934 3217 1325 3289 improbabiles
1348 3236 1583 3272 rumores
1605 3217 1890 3284 adhibens,
1930 3220 2067 3272 sicut
2090 3236 2266 3272 rerum
2305 3222 2602 3291 priscarum

423 3293 711 3361 scriptores
758 3306 817 3342 so
845 3299 966 3354 ent,
1016 3306 1198 3361 neque
1250 3290 1561 3360 alia‚.quae
1614 3290 1887 3354 historici,
1924 3306 1955 3340 a
1991 3290 2422 3355 calamitatibus,
2465 3307 2601 3361 quas

423 3369 663 3425 narrant,
702 3362 910 3424 remoti,
956 3361 1132 3412 facere
1168 3361 1388 3427 solent,
1424 3360 1724 3413 ambitione
1763 3360 1849 3413 illi
1886 3359 2108 3434 quidem
2148 3369 2208 3415 et
2244 3360 2600 3415 ostentandae

427 3434 705 3485 doctrinae
746 3430 924 3484 studio
953 3430 1100 3483 haud
1133 3433 1339 3501 inepte.
2245 3473 2256 3478 -

567 3506 676 3555 lam
711 3518 856 3564 vero,
889 3521 1019 3555 num
1053 3519 1139 3554 me
1176 3504 1339 3556 talem
1377 3500 1572 3555 haecce
1610 3501 1839 3556 historia
1876 3501 2191 3573 scriptorem
2225 3499 2477 3555 habitura
2511 3504 2603 3566 sit,

426 3575 610 3626 statim
647 3573 946 3644 apparebit.
1031 3573 1271 3627 ordietur
1302 3581 1481 3626 autem
1535 3574 1769 3626 narratio
1821 3581 2006 3627 nostra
2040 3576 2341 3626 necessario
2381 3573 2449 3623 ab
2483 3575 2601 3644 ipsa

424 3646 761 3708 calamitate,
885 3644 1062 3697 oniam
1120 3644 1234 3697 fieri
1271 3646 1493 3697 omnino
1532 3662 1643 3697 non
1680 3651 1924 3714 poterat,
1959 3651 2022 3696 ut
2054 3644 2149 3715 qui
2188 3645 2246 3697 in
2281 3644 2436 3695 malis
2475 3662 2600 3696 ver-

424 3725 654 3778 saretur,
680 3733 793 3768 non
842 3723 1206 3769 amentaretur
1228 3724 1375 3769 certe
1411 3714 1633 3787 quidem
1665 3715 1733 3768 ab
1755 3715 1932 3768 initio·
1968 3714 2169 3767 deinde
2196 3724 2395 3780 autem,
2423 3715 2599 3767 missis

422 3787 676 3840 lamentis
717 3794 774 3839 et
809 3786 1063 3840 nonnihil
1086 3803 1184 3857 pro
1205 3787 1398 3839 merito
1424 3785 1760 3858 reprehensis
1794 3787 2115 3838 calamitatis
2148 3796 2368 3838 auctore
2403 3794 2460 3837 et
2483 3786 2599 3839 eius
2641 3825 2652 3832 »

424 3860 575 3911 socio
597 3893 615 3924 ,
648 3857 790 3910 clare
818 3865 874 3910 et
898 3858 1182 3928 perspicue
1218 3865 1274 3910 et
1309 3856 1540 3929 quadam
1567 3875 1633 3911 ex
1652 3865 1804 3927 parte
1828 3855 1965 3908 adeo
2005 3857 2148 3910 elate
2183 3874 2289 3909 rem
2330 3856 2602 3909 enarrabit

424 3931 627 4000 ipsam3
650 3935 707 3981 et
732 3925 952 3999 quidem
974 3945 1118 3981 nunc
1143 3928 1479 3999 simpliciter,
1502 3938 1663 3999 prout
1688 3945 1770 3980 res
1795 3927 2128 3998 postulabat,
2150 3943 2298 3980 nunc
2320 3928 2491 3997 polite
2514 3936 2599 3979 at-

425 4017 537 4070 que
565 4000 783 4064 ornate3
811 4006 869 4052 et
888 3998 1094 4052 deflexa
1119 4016 1507 4070 nonnunquam
1535 4016 1566 4051 a
1601 4000 1678 4050 rei
1699 4004 1894 4068 capite,
1931 4015 2041 4069 quo
2066 3998 2206 4050 nibil
2230 4014 2329 4050 suo
2356 4006 2601 4069 tempore

426 4072 724 4142 antiquius,
748 4068 1039 4123 descendet
1058 4069 1127 4122 ad
1153 4087 1235 4122 res
1257 4087 1401 4124 nexu
1424 4078 1480 4124 et
1503 4071 1714 4122 ratione
1739 4087 1851 4122 non
1877 4070 2098 4122 omnino
2121 4069 2601 4138 praetermittenda

426 4159 547 4194 cum
584 4142 681 4194 illa
718 4141 1047 4202 coniunctas,
1086 4156 1148 4191 ac
1175 4149 1471 4194 revertetur
1513 4157 1690 4193 rursus
1732 4139 1802 4191 ad
1841 4141 2291 4211 expugnationem
2329 4141 2601 4210 copiosius

428 4214 578 4266 omui
615 4229 682 4265 ex
722 4220 874 4281 parte
912 4209 1280 4273 enarrandam,
1314 4211 1581 4282 siquidem
1620 4210 1680 4263 id
1716 4212 1895 4281 operis
1934 4211 2224 4282 praecipue
2263 4214 2598 4282 propositum

426 4294 513 4338 est
546 4284 676 4338 huic
699 4283 1001 4353 scriptioni.
1074 4282 1331 4355 quoniam
1365 4291 1544 4338 autem
1569 4290 1827 4354 portenta
1860 4281 2022 4338 rebus
2054 4281 2359 4361 huiusmodi
2398 4298 2599 4335 numen
