3352 5237
991 335 1167 412 ’514
1529 350 1641 411 AD
1702 347 2028 412 usonem
2088 295 2704 411 onamnumcum

1021 519 1155 573 erat
1198 509 1522 571 literarum
1551 509 1813 588 amicus,
1857 508 2230 571 domesticos
2259 508 2465 590 plures
2504 530 2612 571 seu
2637 507 2997 582 familiares,
3040 530 3218 593 quo-

1020 617 1163 656 rum
1228 594 1355 676 ipse
1391 592 1595 655 studia
1662 597 1926 656 foveret.
2013 592 2118 653 vix
2178 593 2512 676 quicquam
2555 593 2748 653 Leoni
2793 597 3214 675 grammatico

1019 700 1093 740 ac
1140 699 1447 761 anonymo
1492 676 1577 736 illi
1622 675 2049 740 continuatori
2092 696 2422 737 commune
2467 676 2544 736 ad
2591 697 2786 759 usque
2827 677 3028 742 Basilii
3061 682 3214 737 Ma-
3323 705 3324 742 ι

1018 761 1517 836 cedonis¹vitam,
1559 782 1720 842 quae
1746 763 1873 844 ipsa
1905 780 2030 821 non
2059 761 2511 821 continuatoris
2543 759 2837 842 anonymi
2861 759 2966 822 sed
3007 762 3206 842 ipsius

1017 844 1407 906 Constantini
1432 843 1633 904 Basilii
1665 844 1907 927 nepotis
1953 843 2310 904 lucubratio
2344 851 2460 904 est:
2509 842 2571 902 in
2601 842 2855 925 reliquis
2900 844 3072 925 plera
3127 867 3210 907 ue
3273 842 3280 848 ’

1019 926 1259 1004 affinia,
1307 929 1676 1009 plerumque
1721 928 1910 990 etiam
1942 926 2156 988 iisdem
2189 924 2394 988 verbis
2425 935 2752 1007 concepta,
2798 935 2908 985 aut
2949 948 3018 989 ex
3065 949 3098 986 a
3125 927 3199 989 iis

1017 1013 1134 1073 alia
1179 1012 1341 1071 facta
1368 1012 1673 1092 tantisper
1715 1012 1964 1071 mutatis
1995 1009 2271 1086 vocibus,
2310 1017 2383 1070 ut
2422 1010 2689 1070 alterum
2726 1008 2979 1071 alterius
3022 1033 3198 1071 nsum

1019 1093 1338 1157 laboribus
1382 1114 1621 1156 necesse
1657 1094 1756 1157 sit.
1844 1118 1879 1154 a
1905 1093 2241 1155 fusioribus
2283 1091 2436 1153 mihi
2477 1092 2652 1155 Notis
2698 1094 3197 1174 temperandum,

1020 1179 1089 1239 iis
1145 1177 1442 1239 duntaxat
1496 1177 1817 1253 breviter,
1859 1173 2068 1260 quoad
2131 1169 2361 1252 licebit,
2433 1175 2719 1258 expositis
2767 1198 2929 1259 quae
2975 1176 3204 1239 lectori
3282 1206 3291 1212 ·

1019 1282 1261 1322 moram
1303 1261 1561 1323 iniicere
1599 1268 1868 1342 possent,
1908 1281 2014 1320 sua
2061 1260 2181 1319 iam
2225 1258 2391 1321 mole
2434 1259 2798 1341 importuno
2841 1260 2975 1322 fere
3017 1261 3210 1323 volu-

948 1373 955 1378 ·
1018 1346 1223 1421 mine,
1293 1366 1366 1406 ac
1424 1365 1567 1405 cum
1614 1346 1895 1406 futurum
1957 1344 2036 1404 sit
2077 1351 2148 1402 ut
2193 1342 2255 1403 in
2300 1344 2580 1426 sequenti
2639 1343 2852 1430 eadem
2894 1344 3210 1441 perplura

1018 1439 1372 1505 recurrant,
1416 1438 1524 1490 aut
1570 1429 1793 1511 quibus
1833 1425 1986 1489 haec
2027 1425 2630 1492 essentillustranda.
2716 1427 2940 1488 Leonis
2978 1433 3213 1490 Arme-

1020 1513 1080 1572 ni
1120 1513 1272 1588 vita,
1312 1512 1585 1573 subiecta
1622 1510 2021 1594 Theophanis
2067 1511 2265 1592 operi,
2305 1509 2547 1572 incerto
2592 1516 2853 1571 auctore
2896 1532 2965 1571 ex
3005 1511 3210 1594 Regio

1017 1594 1355 1677 producta,
1387 1597 1559 1678 prius
1604 1594 1735 1677 ipsa
1751 1593 2168 1674 recensenda,
2208 1613 2368 1676 quae
2409 1613 2524 1655 nec
2560 1593 2692 1678 ipsa
2713 1592 3063 1676 spernenda
3097 1603 3212 1656 est.

1187 1696 1216 1756 1
1303 1690 1414 1756 καί
1451 1692 1665 1756 λοιπὸν
1721 1688 2017 1775 Μιχαῆλ]
2063 1694 2147 1756 ita
2180 1716 2270 1755 ms
2310 1693 2452 1756 cod.
2497 1693 2605 1777 qui
2636 1691 2854 1754 modus
2898 1695 3208 1779 loquendi

1020 1776 1252 1839 indicat
1293 1800 1418 1841 esse
1455 1777 1609 1840 haec
1648 1801 1720 1840 ex
1765 1777 2037 1859 pleniori
2082 1777 2364 1853 historia,
2409 1775 2490 1839 ad
2534 1779 3036 1861 supplementum
3083 1779 3210 1840 ali-

1022 1861 1197 1944 quod
1230 1861 1710 1944 chronologiae
1748 1860 2164 1944 Theophanis,
2208 1868 2507 1922 extracta.

1185 1961 1224 2022 2
1308 1961 1527 2022 lacuna
1586 1962 1769 2023 facile
1823 1962 2143 2024 sarcienda
2202 1982 2273 2024 ex
2329 1959 2759 2043 Theophane,
2803 1962 2911 2045 qui
2956 1970 3021 2025 et
3068 1961 3206 2043 ipse

1014 2042 1223 2125 primo
1270 2042 1581 2106 Michaelis
1626 2066 1789 2105 anno
1838 2053 2214 2106 coronatum
2271 2045 2360 2105 ait
2400 2045 2528 2106 eius
2569 2044 2766 2105 fllium
2808 2045 3213 2146 Tbeopbjla·

1016 2135 1187 2187 ctum
1229 2126 1329 2189 die
1392 2126 1471 2187 25
1511 2127 1911 2188 Decembris:
1956 2127 2240 2209 adeoque
2304 2128 2609 2211 scriptum
2653 2129 2731 2189 sit
2775 2125 2866 2200 εἰς
2901 2125 3016 2202 τὰς
3056 2150 3208 2208 cop..

1011 2202 1129 2282 τὰς
1169 2209 1293 2272 τῶν
1332 2208 1620 2292 Χριστοῦ
1671 2211 1901 2289 γεννῶν
1926 2256 1944 2287 ,
1982 2211 2094 2271 nisi
2153 2222 2382 2274 auctor
2437 2212 2717 2274 affectata
2759 2213 3068 2276 brevitate
3115 2218 3211 2276 sic

1014 2292 1256 2356 locutus
1301 2304 1428 2371 est,
1478 2303 1548 2355 ut
1591 2303 1653 2354 et
1692 2293 1854 2353 insi-a
1904 2316 1964 2376 p.
2010 2287 2134 2354 433
2181 2295 2454 2356 Leonem
2497 2315 2829 2357 coronasse
2873 2297 3071 2358 filium
3113 2300 3204 2361 ait

1015 2373 1404 2458 φθασάντων
1459 2375 1585 2438 τῶν
1632 2369 1909 2455 ἔορτῶνς
1979 2378 2331 2461 iterumque
2390 2379 2612 2440 eodem
2652 2378 2844 2439 modo
2890 2381 3205 2464 loquitur,

1017 2481 1162 2521 cum
1205 2461 1283 2523 de
1325 2461 1481 2522 illius
1522 2462 1664 2522 licta
1709 2461 1910 2520 crucis
1956 2481 2028 2521 ac
2071 2461 2347 2543 imaginis
2394 2460 2782 2524 adoratione.

1184 2557 1225 2622 3
1307 2558 1630 2632 ποισῦντες
1687 2556 2126 2641 μαϊουμάδας,
2171 2561 2332 2622 Maii
2381 2560 2668 2623 kalendas
2716 2562 2978 2647 tripudio
3035 2566 3206 2628 cele·-

1022 2644 1293 2705 bPantes:
1361 2643 1437 2704 de
1477 2664 1597 2727 qua
1644 2644 1910 2723 profana
1952 2646 2311 2706 celebritate
2353 2647 2672 2723 Mem-sius,
2714 2648 2990 2708 Lacerda
3033 2659 3160 2711 etc.

1180 2739 1225 2801 4
1308 2739 1419 2802 καί
1453 2737 1674 2803 λοιπὸν
1734 2739 1973 2814 ἰδόντες
2025 2739 2253 2821 πάντα]
2314 2744 2390 2806 da
2435 2744 2557 2807 bac
2606 2746 3040 2825 Orientalium,
3086 2772 3202 2812 eo..

1021 2845 1286 2907 rumque
1324 2825 1513 2886 Ducis
1560 2825 1783 2886 Leonis
1814 2829 2062 2888 Armeni
2110 2828 2459 2890 desectione
2504 2849 2627 2890 non
2672 2848 2882 2891 omnes
2927 2854 3202 2895 consen-

1019 2907 1203 2969 tiunt.
1307 2926 1448 2968 cum
1514 2919 1778 2970 auctore
1843 2908 1991 2970 facit
2044 2913 2311 2992 ignatius
2359 2911 2690 2986 diaconus,
2738 2935 2806 2974 ex
2851 2936 2980 2999 quo
3031 2920 3204 2979 forte

1017 2990 1334 3072 acceperit
1384 2992 1533 3075 ipse,
1582 3000 1652 3052 ut
1697 3003 1758 3052 et
1788 2991 2140 3055 Cedrenus:
2189 2994 2345 3071 πρὸς
2387 2990 2535 3068 τούς
2576 2996 2683 3057 ἐπι·
2723 2994 2981 3078 Θράκην
3028 2993 3202 3061 Οὕν-

1014 3092 1160 3144 νους
1202 3069 1467 3151 πόλεμος
1510 3072 1596 3158 τῷ
1635 3075 1897 3151 βασιλεῖ’
1925 3070 2394 3159 συγκεκρότητο,
2442 3078 2511 3140 ἐν
2555 3065 2610 3165 ᾧ
2645 3081 2758 3158 τῆς
2799 3057 2981 3162 ἥττης
3007 3086 3204 3145 Λέων

1013 3158 1436 3241 πρωτεργέτης
1491 3156 1823 3237 γενόμενος
1863 3156 2051 3221 παντὶ
2076 3158 2159 3245 τῷ
2196 3161 2594 3248 στρατοπέδῳ
2634 3159 2747 3242 τήν
2784 3164 2919 3245 μετ’
2962 3161 3203 3246 αἰσχύ-

1013 3259 1123 3321 νης
1163 3240 1374 3322 φυγὴν
1415 3236 1819 3319 ἑμαιεύσατο.

1181 3337 1220 3400 5
1303 3339 1711 3419 τροποὸνται]
1775 3341 2023 3402 insidias
2062 3345 2314 3405 hostibus
2370 3357 2615 3407 struere.
2718 3346 3033 3408 familiaris
3086 3373 3203 3413 vox

1025 3419 1389 3504 theophani
1449 3445 1525 3485 eo
1579 3444 1758 3485 sensu
1798 3421 1871 3485 τὸ
1910 3426 2325 3505 τροποῦσθαι.
2432 3430 2561 3511 ipse
2603 3430 2937 3513 elegantius
2979 3431 3202 3497 Theo..

1016 3503 1250 3585 phanes
1284 3506 1588 3584 λογισμοῦ
1628 3526 1793 3579 τινος
1836 3505 2106 3590 τρόπον,
2148 3510 2235 3573 ait
2291 3532 2422 3573 rem
2469 3514 2766 3575 Grumum
2808 3515 3201 3596 existimasse,

1013 3587 1366 3649 insidiamm
1404 3590 1710 3674 quandam
1748 3604 1985 3652 struem.
2085 3621 2089 3624 ⁴

1182 3686 1222 3746 6
1304 3708 1484 3751 socer
1526 3688 1701 3751 cuius
1748 3688 1865 3751 deo
1924 3691 2184 3753 invisum
2233 3693 2562 3777 imperium
2611 3697 2697 3760 ait
2741 3698 3031 3778 Michael,
3085 3702 3202 3764 Ni..

1016 3769 1328 3852 cepborus
1372 3783 1483 3850 est,
1525 3773 1697 3834 cuius
1743 3783 1880 3835 erat
1925 3775 2241 3860 Procopia
2286 3778 2409 3841 filia
2454 3780 2768 3843 Michaelis
2814 3805 2997 3845 uxor.

1182 3875 1220 3937 7
1305 3868 1570 3951 ποιήσας
1637 3868 2006 3957 ἰδιόχειρον]
2071 3876 2159 3939 ita
2194 3877 2573 3960 ,patriarcba
2633 3881 3030 3962 enitebatur,
3097 3885 3203 3949 sed

1015 3972 1141 4013 non
1186 3953 1466 4051 obtinuit
1504 3957 1729 4019 Leonis
1775 3968 1911 4020 astu
1973 3962 2311 4042 deceptus,
2359 3983 2493 4026 rem
2555 3963 2964 4029 differendam
3007 3989 3200 4050 prae-

1013 4043 1272 4099 texentis
1316 4039 1375 4099 in
1408 4049 1647 4122 tempus
1672 4040 1839 4103 aliud
1871 4046 2280 4121 commodius,
2322 4069 2394 4107 ac
2421 4048 2527 4109 ubi
2556 4050 2972 4131 capessivisset
2999 4053 3204 4133 impe-

1015 4117 1201 4262 rium,
1246 4122 1335 4182 uti
1368 4124 1573 4186 multis
1606 4126 1879 4209 Ignatius
1922 4126 2239 4208 diaconus,
2289 4151 2401 4193 nec
2443 4155 2567 4197 nou
2609 4134 3022 4197 continuator
3069 4138 3198 4197 Va-

1046 4223 1274 4263 acanus.
