<?xml version="1.0" encoding="UTF-8"?>
<!DOCTYPE html PUBLIC "-//W3C//DTD XHTML 1.0 Transitional//EN"
    "http://www.w3.org/TR/xhtml1/DTD/xhtml1-transitional.dtd">
<html xmlns="http://www.w3.org/1999/xhtml" xml:lang="en" lang="en">
 <head>
  <title>
</title>
<meta http-equiv="Content-Type" content="text/html;charset=utf-8" />
  <meta name='ocr-system' content='tesseract 3.04.00' />
  <meta name='ocr-capabilities' content='ocr_page ocr_carea ocr_par ocr_line ocrx_word'/>
</head>
<body>
  <div class='ocr_page' id='page_1' title='image "./leonisgrammatic00thesgoog_0531.png"; bbox 0 0 3352 5237; ppageno 0'>
   <div class='ocr_carea' id='block_1_1' title="bbox 1144 413 2358 482">
    <p class='ocr_par' dir='ltr' id='par_1_1' title="bbox 1144 413 2358 482">
     <span class='ocr_line' id='line_1_1' title="bbox 1144 413 2358 482; baseline 0.001 -1"><span class='ocrx_word' id='word_1_1' title='bbox 1144 419 1440 482; x_wconf 74' lang='lat' dir='ltr'><strong>NOTAE.</strong></span> <span class='ocrx_word' id='word_1_2' title='bbox 2214 413 2258 482; x_wconf 84' lang='lat'>5</span> <span class='ocrx_word' id='word_1_3' title='bbox 2271 418 2302 481; x_wconf 88' lang='lat'>1</span> <span class='ocrx_word' id='word_1_4' title='bbox 2315 416 2358 482; x_wconf 87' lang='grc'>7</span> 
     </span>
    </p>
   </div>
   <div class='ocr_carea' id='block_1_2' title="bbox 186 582 2398 920">
    <p class='ocr_par' dir='ltr' id='par_1_2' title="bbox 186 582 2398 920">
     <span class='ocr_line' id='line_1_2' title="bbox 189 582 2364 668; baseline 0.002 -22"><span class='ocrx_word' id='word_1_5' title='bbox 189 592 441 648; x_wconf 78' lang='lat' dir='ltr'>caveret</span> <span class='ocrx_word' id='word_1_6' title='bbox 477 583 879 668; x_wconf 84' lang='lat' dir='ltr'>subditosque</span> <span class='ocrx_word' id='word_1_7' title='bbox 936 607 970 645; x_wconf 96' lang='lat' dir='ltr'>a</span> <span class='ocrx_word' id='word_1_8' title='bbox 1015 584 1289 647; x_wconf 84' lang='lat' dir='ltr'>violenta</span> <span class='ocrx_word' id='word_1_9' title='bbox 1342 584 1404 645; x_wconf 88' lang='lat' dir='ltr'>in</span> <span class='ocrx_word' id='word_1_10' title='bbox 1454 582 1803 667; x_wconf 88' lang='lat' dir='ltr'>principem</span> <span class='ocrx_word' id='word_1_11' title='bbox 1844 605 2031 646; x_wconf 82' lang='lat' dir='ltr'>manu</span> <span class='ocrx_word' id='word_1_12' title='bbox 2076 584 2364 650; x_wconf 87' lang='lat' dir='ltr'>deterre-</span> 
     </span>
     <span class='ocr_line' id='line_1_3' title="bbox 186 667 2362 753; baseline 0 -22"><span class='ocrx_word' id='word_1_13' title='bbox 186 679 303 731; x_wconf 84' lang='lat' dir='ltr'>ret.</span> <span class='ocrx_word' id='word_1_14' title='bbox 387 667 610 729; x_wconf 82' lang='lat' dir='ltr'>Leonis</span> <span class='ocrx_word' id='word_1_15' title='bbox 650 667 1037 750; x_wconf 75' lang='lat' dir='ltr'><strong>grammatici</strong></span> <span class='ocrx_word' id='word_1_16' title='bbox 1088 669 1270 744; x_wconf 88' lang='lat' dir='ltr'>ratio,</span> <span class='ocrx_word' id='word_1_17' title='bbox 1329 676 1401 729; x_wconf 92' lang='lat' dir='ltr'>ut</span> <span class='ocrx_word' id='word_1_18' title='bbox 1442 668 1715 729; x_wconf 83' lang='lat' dir='ltr'>voluerit</span> <span class='ocrx_word' id='word_1_19' title='bbox 1757 667 1968 730; x_wconf 85' lang='lat' dir='ltr'>ulcisci</span> <span class='ocrx_word' id='word_1_20' title='bbox 2007 669 2362 753; x_wconf 87' lang='lat' dir='ltr'>principem</span> 
     </span>
     <span class='ocr_line' id='line_1_4' title="bbox 187 750 2398 834; baseline 0.002 -23"><span class='ocrx_word' id='word_1_21' title='bbox 187 752 624 814; x_wconf 78' lang='lat' dir='ltr'>iconoclastam</span> <span class='ocrx_word' id='word_1_22' title='bbox 680 750 882 822; x_wconf 86' lang='lat' dir='ltr'>eidem</span> <span class='ocrx_word' id='word_1_23' title='bbox 939 751 1070 834; x_wconf 86' lang='lat' dir='ltr'>ipse</span> <span class='ocrx_word' id='word_1_24' title='bbox 1110 750 1551 813; x_wconf 75' lang='lat' dir='ltr'>addictissimus</span> <span class='ocrx_word' id='word_1_25' title='bbox 1613 750 1886 827; x_wconf 83' lang='lat' dir='ltr'>haeresi,</span> <span class='ocrx_word' id='word_1_26' title='bbox 1938 752 2207 815; x_wconf 86' lang='lat' dir='ltr'>ieiunior</span> <span class='ocrx_word' id='word_1_27' title='bbox 2245 765 2398 830; x_wconf 61' lang='lat' dir='ltr'>est,⁸</span> 
     </span>
     <span class='ocr_line' id='line_1_5' title="bbox 191 833 2363 920; baseline 0.001 -24"><span class='ocrx_word' id='word_1_28' title='bbox 191 856 337 898; x_wconf 88' lang='lat' dir='ltr'>cum</span> <span class='ocrx_word' id='word_1_29' title='bbox 377 855 491 896; x_wconf 87' lang='lat' dir='ltr'>nec</span> <span class='ocrx_word' id='word_1_30' title='bbox 556 842 739 917; x_wconf 87' lang='lat' dir='ltr'>pater</span> <span class='ocrx_word' id='word_1_31' title='bbox 802 833 958 896; x_wconf 85' lang='lat' dir='ltr'>illius</span> <span class='ocrx_word' id='word_1_32' title='bbox 999 835 1078 896; x_wconf 82' lang='lat' dir='ltr'>ab</span> <span class='ocrx_word' id='word_1_33' title='bbox 1135 857 1206 898; x_wconf 91' lang='lat' dir='ltr'>ea</span> <span class='ocrx_word' id='word_1_34' title='bbox 1254 834 1649 900; x_wconf 82' lang='lat' dir='ltr'>abhorreret.</span> <span class='ocrx_word' id='word_1_35' title='bbox 1754 836 1975 896; x_wconf 89' lang='lat' dir='ltr'>summi</span> <span class='ocrx_word' id='word_1_36' title='bbox 2032 834 2363 920; x_wconf 82' lang='lat' dir='ltr'>Theophili</span> 
     </span>
    </p>
   </div>
   <div class='ocr_carea' id='block_1_3' title="bbox 191 915 2470 1002">
    <p class='ocr_par' dir='ltr' id='par_1_3' title="bbox 191 915 2470 1002">
     <span class='ocr_line' id='line_1_6' title="bbox 191 915 2470 1002; baseline 0 -22"><span class='ocrx_word' id='word_1_37' title='bbox 191 918 417 1001; x_wconf 81' lang='lat' dir='ltr'>rigoris</span> <span class='ocrx_word' id='word_1_38' title='bbox 467 917 603 979; x_wconf 83' lang='lat' dir='ltr'>iure</span> <span class='ocrx_word' id='word_1_39' title='bbox 647 915 913 980; x_wconf 88' lang='lat' dir='ltr'>dicendo</span> <span class='ocrx_word' id='word_1_40' title='bbox 945 917 1221 1002; x_wconf 85' lang='lat' dir='ltr'>exempla</span> <span class='ocrx_word' id='word_1_41' title='bbox 1268 919 1448 980; x_wconf 83' lang='lat' dir='ltr'>affert</span> <span class='ocrx_word' id='word_1_42' title='bbox 1491 917 1957 1001; x_wconf 88' lang='lat' dir='ltr'>plurimumque</span> <span class='ocrx_word' id='word_1_43' title='bbox 1998 916 2211 980; x_wconf 88' lang='lat' dir='ltr'>laudat</span> <span class='ocrx_word' id='word_1_44' title='bbox 2249 943 2363 981; x_wconf 85' lang='lat' dir='ltr'>au-</span> <span class='ocrx_word' id='word_1_45' title='bbox 2459 917 2470 940; x_wconf 85' lang='lat'><strong><em>¹</em></strong></span> 
     </span>
    </p>
   </div>
   <div class='ocr_carea' id='block_1_4' title="bbox 186 992 2362 1170">
    <p class='ocr_par' dir='ltr' id='par_1_4' title="bbox 186 992 2362 1170">
     <span class='ocr_line' id='line_1_7' title="bbox 186 992 2362 1083; baseline 0.002 -20"><span class='ocrx_word' id='word_1_46' title='bbox 186 1012 333 1064; x_wconf 92' lang='lat' dir='ltr'>ctor</span> <span class='ocrx_word' id='word_1_47' title='bbox 380 1001 683 1062; x_wconf 86' lang='lat' dir='ltr'>orationis</span> <span class='ocrx_word' id='word_1_48' title='bbox 725 1001 1058 1062; x_wconf 88' lang='lat' dir='ltr'>Dominica</span> <span class='ocrx_word' id='word_1_49' title='bbox 1108 1002 1221 1083; x_wconf 82' lang='grc' dir='ltr'>τῆς</span> <span class='ocrx_word' id='word_1_50' title='bbox 1254 992 1694 1081; x_wconf 76' lang='grc' dir='ltr'><strong><em>Ὀρθοδοξίας,</em></strong></span> <span class='ocrx_word' id='word_1_51' title='bbox 1750 1000 1931 1062; x_wconf 82' lang='lat' dir='ltr'>nobis</span> <span class='ocrx_word' id='word_1_52' title='bbox 1976 1002 2143 1063; x_wconf 86' lang='lat' dir='ltr'>edita</span> <span class='ocrx_word' id='word_1_53' title='bbox 2182 1004 2362 1068; x_wconf 77' lang='lat' dir='ltr'>Auct.</span> 
     </span>
     <span class='ocr_line' id='line_1_8' title="bbox 190 1083 2036 1170; baseline -0.001 -23"><span class='ocrx_word' id='word_1_54' title='bbox 190 1095 346 1147; x_wconf 88' lang='lat' dir='ltr'>tom.</span> <span class='ocrx_word' id='word_1_55' title='bbox 400 1084 439 1145; x_wconf 78' lang='lat'><em>2</em></span> <span class='ocrx_word' id='word_1_56' title='bbox 462 1110 480 1157; x_wconf 66' lang='grc' dir='ltr'>ς</span> <span class='ocrx_word' id='word_1_57' title='bbox 524 1105 560 1147; x_wconf 89' lang='lat' dir='ltr'>e</span> <span class='ocrx_word' id='word_1_58' title='bbox 599 1084 823 1168; x_wconf 81' lang='lat' dir='ltr'>quibus</span> <span class='ocrx_word' id='word_1_59' title='bbox 864 1083 967 1146; x_wconf 87' lang='lat' dir='ltr'>hic</span> <span class='ocrx_word' id='word_1_60' title='bbox 1010 1086 1213 1170; x_wconf 86' lang='lat' dir='ltr'>aliqua</span> <span class='ocrx_word' id='word_1_61' title='bbox 1257 1085 1452 1148; x_wconf 82' lang='lat' dir='ltr'><strong>refert</strong></span> <span class='ocrx_word' id='word_1_62' title='bbox 1494 1085 1623 1146; x_wconf 93' lang='lat' dir='ltr'>Leo</span> <span class='ocrx_word' id='word_1_63' title='bbox 1667 1092 1731 1144; x_wconf 89' lang='lat' dir='ltr'>et</span> <span class='ocrx_word' id='word_1_64' title='bbox 1770 1083 2036 1167; x_wconf 81' lang='lat' dir='ltr'>sugillat.</span> 
     </span>
    </p>
   </div>
   <div class='ocr_carea' id='block_1_5' title="bbox 189 1195 2388 1370">
    <p class='ocr_par' dir='ltr' id='par_1_5' title="bbox 189 1195 2388 1370">
     <span class='ocr_line' id='line_1_9' title="bbox 222 1195 2365 1300; baseline 0.002 -41"><span class='ocrx_word' id='word_1_65' title='bbox 222 1253 231 1258; x_wconf 77' lang='grc'><strong>.</strong></span> <span class='ocrx_word' id='word_1_66' title='bbox 347 1198 435 1296; x_wconf 37' lang='grc'>,25</span> <span class='ocrx_word' id='word_1_67' title='bbox 513 1202 650 1277; x_wconf 76' lang='grc' dir='ltr'>μετ’</span> <span class='ocrx_word' id='word_1_68' title='bbox 677 1195 892 1280; x_wconf 78' lang='grc' dir='ltr'><strong><em>ὀλίγον</em></strong></span> <span class='ocrx_word' id='word_1_69' title='bbox 933 1200 1006 1262; x_wconf 77' lang='grc' dir='ltr'>δὲ</span> <span class='ocrx_word' id='word_1_70' title='bbox 1049 1201 1159 1262; x_wconf 81' lang='grc' dir='ltr'><strong><em>καί</em></strong></span> <span class='ocrx_word' id='word_1_71' title='bbox 1177 1197 1349 1298; x_wconf 59' lang='lat' dir='ltr'>ufir]</span> <span class='ocrx_word' id='word_1_72' title='bbox 1392 1199 1581 1282; x_wconf 85' lang='lat' dir='ltr'>paulo</span> <span class='ocrx_word' id='word_1_73' title='bbox 1596 1198 1762 1297; x_wconf 35' lang='lat' dir='ltr'>‘haec</span> <span class='ocrx_word' id='word_1_74' title='bbox 1792 1199 1970 1262; x_wconf 86' lang='lat' dir='ltr'>latius</span> <span class='ocrx_word' id='word_1_75' title='bbox 2008 1202 2137 1298; x_wconf 54' lang='lat' dir='ltr'>[geo</span> <span class='ocrx_word' id='word_1_76' title='bbox 2178 1224 2365 1300; x_wconf 73' lang='lat' dir='ltr'>quam</span> 
     </span>
     <span class='ocr_line' id='line_1_10' title="bbox 189 1281 2388 1370; baseline 0.001 -27"><span class='ocrx_word' id='word_1_77' title='bbox 189 1290 597 1346; x_wconf 71' lang='lat' dir='ltr'>continuator</span> <span class='ocrx_word' id='word_1_78' title='bbox 639 1294 748 1345; x_wconf 90' lang='lat' dir='ltr'>aut</span> <span class='ocrx_word' id='word_1_79' title='bbox 779 1284 1093 1346; x_wconf 83' lang='lat' dir='ltr'>Cedrenus</span> <span class='ocrx_word' id='word_1_80' title='bbox 1136 1307 1244 1370; x_wconf 78' lang='lat' dir='ltr'>qui</span> <span class='ocrx_word' id='word_1_81' title='bbox 1285 1296 1489 1347; x_wconf 84' lang='lat' dir='ltr'>tamen</span> <span class='ocrx_word' id='word_1_82' title='bbox 1533 1285 1650 1344; x_wconf 83' lang='lat' dir='ltr'>alia</span> <span class='ocrx_word' id='word_1_83' title='bbox 1701 1281 1938 1346; x_wconf 89' lang='lat' dir='ltr'>addunt</span> <span class='ocrx_word' id='word_1_84' title='bbox 1976 1295 2136 1347; x_wconf 77' lang='lat' dir='ltr'>scitu</span> <span class='ocrx_word' id='word_1_85' title='bbox 2163 1285 2388 1367; x_wconf 78' lang='lat' dir='ltr'>digna.-</span> 
     </span>
    </p>
   </div>
   <div class='ocr_carea' id='block_1_6' title="bbox 189 1402 2369 2158">
    <p class='ocr_par' dir='ltr' id='par_1_6' title="bbox 189 1402 2369 2158">
     <span class='ocr_line' id='line_1_11' title="bbox 358 1402 2365 1491; baseline 0.001 -22"><span class='ocrx_word' id='word_1_86' title='bbox 358 1406 438 1469; x_wconf 83' lang='lat'>26</span> <span class='ocrx_word' id='word_1_87' title='bbox 524 1406 675 1469; x_wconf 89' lang='lat' dir='ltr'>illud</span> <span class='ocrx_word' id='word_1_88' title='bbox 745 1402 902 1485; x_wconf 73' lang='grc' dir='ltr'>μετὰ</span> <span class='ocrx_word' id='word_1_89' title='bbox 963 1403 1415 1490; x_wconf 79' lang='grc' dir='ltr'><strong><em>παρακλήσεως</em></strong></span> <span class='ocrx_word' id='word_1_90' title='bbox 1477 1428 1782 1490; x_wconf 79' lang='lat' dir='ltr'>exponam</span> <span class='ocrx_word' id='word_1_91' title='bbox 1825 1428 1942 1491; x_wconf 79' lang='lat' dir='ltr'>ego</span> <span class='ocrx_word' id='word_1_92' title='bbox 1985 1408 2365 1487; x_wconf 61' lang='lat' dir='ltr'>obsecrando,</span> 
     </span>
     <span class='ocr_line' id='line_1_12' title="bbox 190 1489 2368 1572; baseline 0.001 -21"><span class='ocrx_word' id='word_1_93' title='bbox 190 1490 363 1553; x_wconf 77' lang='lat' dir='ltr'>velut</span> <span class='ocrx_word' id='word_1_94' title='bbox 401 1490 636 1553; x_wconf 83' lang='lat' dir='ltr'>seilicet</span> <span class='ocrx_word' id='word_1_95' title='bbox 676 1511 795 1572; x_wconf 91' lang='lat' dir='ltr'>pro</span> <span class='ocrx_word' id='word_1_96' title='bbox 840 1491 1068 1553; x_wconf 89' lang='lat' dir='ltr'>iniuria</span> <span class='ocrx_word' id='word_1_97' title='bbox 1116 1489 1494 1569; x_wconf 84' lang='lat' dir='ltr'>excusando,</span> <span class='ocrx_word' id='word_1_98' title='bbox 1539 1494 1711 1552; x_wconf 82' lang='lat' dir='ltr'>cuius</span> <span class='ocrx_word' id='word_1_99' title='bbox 1753 1491 1857 1553; x_wconf 82' lang='lat' dir='ltr'>ille</span> <span class='ocrx_word' id='word_1_100' title='bbox 1895 1492 2202 1554; x_wconf 84' lang='lat' dir='ltr'>memoria</span> <span class='ocrx_word' id='word_1_101' title='bbox 2245 1514 2368 1553; x_wconf 89' lang='lat' dir='ltr'>no·-</span> 
     </span>
     <span class='ocr_line' id='line_1_13' title="bbox 189 1569 2368 1658; baseline 0.002 -25"><span class='ocrx_word' id='word_1_102' title='bbox 189 1574 379 1637; x_wconf 88' lang='lat' dir='ltr'>luerit</span> <span class='ocrx_word' id='word_1_103' title='bbox 421 1574 627 1636; x_wconf 87' lang='lat' dir='ltr'>sedem</span> <span class='ocrx_word' id='word_1_104' title='bbox 672 1573 957 1656; x_wconf 86' lang='lat' dir='ltr'>recipere</span> <span class='ocrx_word' id='word_1_105' title='bbox 988 1596 1062 1635; x_wconf 84' lang='lat' dir='ltr'>ac</span> <span class='ocrx_word' id='word_1_106' title='bbox 1083 1574 1470 1658; x_wconf 81' lang='lat' dir='ltr'>dignitatem,</span> <span class='ocrx_word' id='word_1_107' title='bbox 1510 1569 1863 1657; x_wconf 73' lang='lat' dir='ltr'>Theophili&gt;</span> <span class='ocrx_word' id='word_1_108' title='bbox 1890 1576 2140 1637; x_wconf 80' lang='lat' dir='ltr'>interim</span> <span class='ocrx_word' id='word_1_109' title='bbox 2170 1578 2368 1637; x_wconf 83' lang='lat' dir='ltr'>maio-</span> 
     </span>
     <span class='ocr_line' id='line_1_14' title="bbox 191 1657 2366 1741; baseline 0 -22"><span class='ocrx_word' id='word_1_110' title='bbox 191 1658 275 1719; x_wconf 87' lang='lat' dir='ltr'>ris</span> <span class='ocrx_word' id='word_1_111' title='bbox 317 1657 609 1719; x_wconf 80' lang='lat' dir='ltr'>ecclesiae</span> <span class='ocrx_word' id='word_1_112' title='bbox 653 1659 987 1719; x_wconf 84' lang='lat' dir='ltr'>oeconomi</span> <span class='ocrx_word' id='word_1_113' title='bbox 1029 1657 1299 1719; x_wconf 85' lang='lat' dir='ltr'>officium</span> <span class='ocrx_word' id='word_1_114' title='bbox 1342 1658 1745 1740; x_wconf 87' lang='lat' dir='ltr'>imponente;</span> <span class='ocrx_word' id='word_1_115' title='bbox 1789 1680 1952 1741; x_wconf 74' lang='lat' dir='ltr'>quae</span> <span class='ocrx_word' id='word_1_116' title='bbox 1993 1658 2194 1720; x_wconf 83' lang='lat' dir='ltr'>officia</span> <span class='ocrx_word' id='word_1_117' title='bbox 2237 1680 2366 1720; x_wconf 89' lang='lat' dir='ltr'>non</span> 
     </span>
     <span class='ocr_line' id='line_1_15' title="bbox 190 1741 2368 1825; baseline -0 -23"><span class='ocrx_word' id='word_1_118' title='bbox 190 1741 452 1802; x_wconf 90' lang='lat' dir='ltr'>minoris</span> <span class='ocrx_word' id='word_1_119' title='bbox 511 1749 693 1802; x_wconf 84' lang='lat' dir='ltr'>eraut</span> <span class='ocrx_word' id='word_1_120' title='bbox 736 1742 987 1802; x_wconf 85' lang='lat' dir='ltr'>Graecis</span> <span class='ocrx_word' id='word_1_121' title='bbox 1049 1763 1237 1824; x_wconf 88' lang='lat' dir='ltr'>quam</span> <span class='ocrx_word' id='word_1_122' title='bbox 1276 1763 1512 1802; x_wconf 81' lang='lat' dir='ltr'>summa</span> <span class='ocrx_word' id='word_1_123' title='bbox 1554 1743 1683 1825; x_wconf 86' lang='lat' dir='ltr'>ipsa</span> <span class='ocrx_word' id='word_1_124' title='bbox 1721 1742 2065 1804; x_wconf 83' lang='lat' dir='ltr'>sacerdotia</span> <span class='ocrx_word' id='word_1_125' title='bbox 2115 1763 2189 1803; x_wconf 87' lang='lat' dir='ltr'>ac</span> <span class='ocrx_word' id='word_1_126' title='bbox 2230 1745 2368 1825; x_wconf 86' lang='lat' dir='ltr'>epi..</span> 
     </span>
     <span class='ocr_line' id='line_1_16' title="bbox 189 1823 2368 1908; baseline 0.002 -25"><span class='ocrx_word' id='word_1_127' title='bbox 189 1833 497 1907; x_wconf 85' lang='lat' dir='ltr'>scopatus,</span> <span class='ocrx_word' id='word_1_128' title='bbox 546 1827 635 1884; x_wconf 91' lang='lat' dir='ltr'>uti</span> <span class='ocrx_word' id='word_1_129' title='bbox 681 1824 812 1885; x_wconf 85' lang='lat' dir='ltr'>fere</span> <span class='ocrx_word' id='word_1_130' title='bbox 854 1825 1078 1886; x_wconf 84' lang='lat' dir='ltr'>nostris</span> <span class='ocrx_word' id='word_1_131' title='bbox 1135 1823 1523 1886; x_wconf 84' lang='lat' dir='ltr'>cardinalitia</span> <span class='ocrx_word' id='word_1_132' title='bbox 1579 1826 1842 1908; x_wconf 83' lang='lat' dir='ltr'>dignitas</span> <span class='ocrx_word' id='word_1_133' title='bbox 1888 1833 2076 1908; x_wconf 88' lang='lat' dir='ltr'>atque</span> <span class='ocrx_word' id='word_1_134' title='bbox 2113 1846 2368 1908; x_wconf 89' lang='lat' dir='ltr'>purpu-</span> 
     </span>
     <span class='ocr_line' id='line_1_17' title="bbox 194 1906 2369 1992; baseline 0.002 -25"><span class='ocrx_word' id='word_1_135' title='bbox 194 1928 285 1971; x_wconf 89' lang='lat' dir='ltr'>ra.</span> <span class='ocrx_word' id='word_1_136' title='bbox 369 1906 720 1992; x_wconf 77' lang='lat' dir='ltr'>gloriantur</span> <span class='ocrx_word' id='word_1_137' title='bbox 762 1907 926 1968; x_wconf 89' lang='lat' dir='ltr'>enim</span> <span class='ocrx_word' id='word_1_138' title='bbox 973 1909 1310 1969; x_wconf 86' lang='lat' dir='ltr'>etiamnum</span> <span class='ocrx_word' id='word_1_139' title='bbox 1366 1906 1581 1970; x_wconf 87' lang='lat' dir='ltr'>clerici</span> <span class='ocrx_word' id='word_1_140' title='bbox 1618 1910 1871 1970; x_wconf 86' lang='lat' dir='ltr'>maioris</span> <span class='ocrx_word' id='word_1_141' title='bbox 1920 1909 2213 1971; x_wconf 88' lang='lat' dir='ltr'>ecclesiae</span> <span class='ocrx_word' id='word_1_142' title='bbox 2255 1931 2369 1971; x_wconf 79' lang='lat' dir='ltr'>ve-</span> 
     </span>
     <span class='ocr_line' id='line_1_18' title="bbox 194 1990 2369 2075; baseline 0.002 -25"><span class='ocrx_word' id='word_1_143' title='bbox 194 1990 284 2052; x_wconf 85' lang='lat' dir='ltr'>lut</span> <span class='ocrx_word' id='word_1_144' title='bbox 334 2002 399 2053; x_wconf 86' lang='lat' dir='ltr'>et</span> <span class='ocrx_word' id='word_1_145' title='bbox 436 1990 551 2072; x_wconf 85' lang='lat' dir='ltr'>ipsi</span> <span class='ocrx_word' id='word_1_146' title='bbox 595 1991 674 2052; x_wconf 87' lang='lat' dir='ltr'>de</span> <span class='ocrx_word' id='word_1_147' title='bbox 715 1990 912 2053; x_wconf 88' lang='lat' dir='ltr'>latere</span> <span class='ocrx_word' id='word_1_148' title='bbox 952 1992 1047 2053; x_wconf 87' lang='lat' dir='ltr'>sui</span> <span class='ocrx_word' id='word_1_149' title='bbox 1089 1992 1413 2065; x_wconf 76' lang='lat' dir='ltr'>antistitis3</span> <span class='ocrx_word' id='word_1_150' title='bbox 1459 2011 1644 2075; x_wconf 89' lang='lat' dir='ltr'>quem</span> <span class='ocrx_word' id='word_1_151' title='bbox 1690 1992 1833 2055; x_wconf 89' lang='lat' dir='ltr'>ideo</span> <span class='ocrx_word' id='word_1_152' title='bbox 1874 1994 2162 2074; x_wconf 82' lang='lat' dir='ltr'>proxime</span> <span class='ocrx_word' id='word_1_153' title='bbox 2205 2012 2369 2055; x_wconf 79' lang='lat' dir='ltr'>asse-</span> 
     </span>
     <span class='ocr_line' id='line_1_19' title="bbox 194 2072 2177 2158; baseline 0.002 -24"><span class='ocrx_word' id='word_1_154' title='bbox 194 2074 350 2135; x_wconf 77' lang='lat' dir='ltr'>ctari</span> <span class='ocrx_word' id='word_1_155' title='bbox 395 2072 679 2155; x_wconf 87' lang='lat' dir='ltr'>debeant,</span> <span class='ocrx_word' id='word_1_156' title='bbox 723 2095 796 2135; x_wconf 87' lang='lat' dir='ltr'>ac</span> <span class='ocrx_word' id='word_1_157' title='bbox 841 2075 1328 2157; x_wconf 79' lang='lat' dir='ltr'>provincialibus</span> <span class='ocrx_word' id='word_1_158' title='bbox 1371 2075 1511 2157; x_wconf 80' lang='lat' dir='ltr'>ipsis</span> <span class='ocrx_word' id='word_1_159' title='bbox 1546 2075 1859 2158; x_wconf 58' lang='lat' dir='ltr'>spiscopis</span> <span class='ocrx_word' id='word_1_160' title='bbox 1902 2076 2177 2157; x_wconf 82' lang='lat' dir='ltr'>praeire.</span> 
     </span>
    </p>
   </div>
   <div class='ocr_carea' id='block_1_7' title="bbox 185 2183 2373 2684">
    <p class='ocr_par' dir='ltr' id='par_1_7' title="bbox 185 2183 2373 2684">
     <span class='ocr_line' id='line_1_20' title="bbox 360 2183 2369 2273; baseline 0.002 -22"><span class='ocrx_word' id='word_1_161' title='bbox 360 2187 439 2251; x_wconf 78' lang='lat'>27</span> <span class='ocrx_word' id='word_1_162' title='bbox 522 2183 596 2250; x_wconf 86' lang='grc' dir='ltr'>τὸ</span> <span class='ocrx_word' id='word_1_163' title='bbox 643 2183 987 2272; x_wconf 75' lang='grc' dir='ltr'><strong><em>φυλακτόν]</em></strong></span> <span class='ocrx_word' id='word_1_164' title='bbox 1034 2201 1127 2254; x_wconf 81' lang='lat' dir='ltr'>est</span> <span class='ocrx_word' id='word_1_165' title='bbox 1166 2188 1338 2273; x_wconf 84' lang='lat' dir='ltr'>quod</span> <span class='ocrx_word' id='word_1_166' title='bbox 1380 2190 1697 2252; x_wconf 84' lang='lat' dir='ltr'>Cedrenus</span> <span class='ocrx_word' id='word_1_167' title='bbox 1753 2186 2037 2271; x_wconf 78' lang='grc' dir='ltr'><strong><em>σταυρόν</em></strong></span> <span class='ocrx_word' id='word_1_168' title='bbox 2077 2190 2369 2273; x_wconf 85' lang='lat' dir='ltr'>appellat.</span> 
     </span>
     <span class='ocr_line' id='line_1_21' title="bbox 193 2268 2370 2359; baseline 0 -25"><span class='ocrx_word' id='word_1_169' title='bbox 193 2273 283 2334; x_wconf 89' lang='lat' dir='ltr'>sic</span> <span class='ocrx_word' id='word_1_170' title='bbox 328 2272 458 2355; x_wconf 89' lang='lat' dir='ltr'>ipse</span> <span class='ocrx_word' id='word_1_171' title='bbox 494 2273 570 2333; x_wconf 86' lang='grc' dir='ltr'>Ρ.</span> <span class='ocrx_word' id='word_1_172' title='bbox 620 2275 795 2334; x_wconf 83' lang='lat' dir='ltr'>Goar</span> <span class='ocrx_word' id='word_1_173' title='bbox 839 2294 902 2355; x_wconf 87' lang='lat' dir='ltr'>p.</span> <span class='ocrx_word' id='word_1_174' title='bbox 945 2275 1273 2356; x_wconf 80' lang='lat' dir='ltr'>superiori,</span> <span class='ocrx_word' id='word_1_175' title='bbox 1322 2272 1474 2344; x_wconf 79' lang='grc' dir='ltr'><strong><em>δοὺς</em></strong></span> <span class='ocrx_word' id='word_1_176' title='bbox 1504 2268 1575 2333; x_wconf 81' lang='grc' dir='ltr'>τὰ</span> <span class='ocrx_word' id='word_1_177' title='bbox 1619 2269 1785 2333; x_wconf 78' lang='grc' dir='ltr'><strong><em>ἴδιον</em></strong></span> <span class='ocrx_word' id='word_1_178' title='bbox 1832 2272 2171 2354; x_wconf 71' lang='grc' dir='ltr'><strong><em>φυλακτόν.</em></strong></span> <span class='ocrx_word' id='word_1_179' title='bbox 2213 2295 2370 2359; x_wconf 78' lang='lat' dir='ltr'>pro-</span> 
     </span>
     <span class='ocr_line' id='line_1_22' title="bbox 185 2355 2367 2441; baseline 0.001 -27"><span class='ocrx_word' id='word_1_180' title='bbox 185 2357 334 2441; x_wconf 80' lang='lat' dir='ltr'>pria</span> <span class='ocrx_word' id='word_1_181' title='bbox 370 2374 541 2415; x_wconf 82' lang='lat' dir='ltr'>cruce</span> <span class='ocrx_word' id='word_1_182' title='bbox 603 2356 853 2416; x_wconf 81' lang='lat' dir='ltr'>amuleti</span> <span class='ocrx_word' id='word_1_183' title='bbox 903 2358 1033 2418; x_wconf 83' lang='lat' dir='ltr'>loco</span> <span class='ocrx_word' id='word_1_184' title='bbox 1092 2379 1126 2418; x_wconf 86' lang='lat' dir='ltr'>e</span> <span class='ocrx_word' id='word_1_185' title='bbox 1187 2356 1342 2417; x_wconf 88' lang='lat' dir='ltr'>collo</span> <span class='ocrx_word' id='word_1_186' title='bbox 1390 2355 1694 2439; x_wconf 80' lang='lat' dir='ltr'>pendente</span> <span class='ocrx_word' id='word_1_187' title='bbox 1735 2359 1854 2439; x_wconf 79' lang='lat' dir='ltr'>ipsi</span> <span class='ocrx_word' id='word_1_188' title='bbox 1912 2357 2172 2417; x_wconf 74' lang='lat' dir='ltr'>erudita.-</span> <span class='ocrx_word' id='word_1_189' title='bbox 2243 2378 2367 2418; x_wconf 90' lang='lat' dir='ltr'>nou</span> 
     </span>
     <span class='ocr_line' id='line_1_23' title="bbox 194 2437 2372 2521; baseline 0.001 -23"><span class='ocrx_word' id='word_1_190' title='bbox 194 2439 281 2498; x_wconf 88' lang='lat' dir='ltr'>ita</span> <span class='ocrx_word' id='word_1_191' title='bbox 316 2438 476 2499; x_wconf 89' lang='lat' dir='ltr'>bene</span> <span class='ocrx_word' id='word_1_192' title='bbox 517 2437 652 2514; x_wconf 87' lang='lat' dir='ltr'>hic,</span> <span class='ocrx_word' id='word_1_193' title='bbox 701 2438 934 2499; x_wconf 79' lang='lat' dir='ltr'>salvum</span> <span class='ocrx_word' id='word_1_194' title='bbox 993 2439 1369 2515; x_wconf 77' lang='grc' dir='ltr'><strong><em>οοηᾱιιοειιηι,</em></strong></span> <span class='ocrx_word' id='word_1_195' title='bbox 1426 2437 1597 2520; x_wconf 89' lang='lat' dir='ltr'>quod</span> <span class='ocrx_word' id='word_1_196' title='bbox 1657 2459 1795 2500; x_wconf 90' lang='lat' dir='ltr'>rem</span> <span class='ocrx_word' id='word_1_197' title='bbox 1854 2438 2053 2499; x_wconf 78' lang='lat' dir='ltr'>miuus</span> <span class='ocrx_word' id='word_1_198' title='bbox 2092 2439 2372 2521; x_wconf 75' lang='lat' dir='ltr'>explicet.</span> 
     </span>
     <span class='ocr_line' id='line_1_24' title="bbox 197 2516 2373 2602; baseline 0 -20"><span class='ocrx_word' id='word_1_199' title='bbox 197 2521 602 2583; x_wconf 87' lang='lat' dir='ltr'>continuator</span> <span class='ocrx_word' id='word_1_200' title='bbox 635 2521 776 2583; x_wconf 85' lang='lat' dir='ltr'>Vat.</span> <span class='ocrx_word' id='word_1_201' title='bbox 818 2517 930 2581; x_wconf 76' lang='grc' dir='ltr'>καί</span> <span class='ocrx_word' id='word_1_202' title='bbox 969 2516 1304 2602; x_wconf 79' lang='grc' dir='ltr'><strong><em>μάρτυρας</em></strong></span> <span class='ocrx_word' id='word_1_203' title='bbox 1344 2520 1464 2582; x_wconf 73' lang='grc' dir='ltr'>τοῖν</span> <span class='ocrx_word' id='word_1_204' title='bbox 1505 2518 1850 2601; x_wconf 76' lang='grc' dir='ltr'><em>εἰρημένων</em></span> <span class='ocrx_word' id='word_1_205' title='bbox 1888 2517 1958 2581; x_wconf 85' lang='grc' dir='ltr'>τό</span> <span class='ocrx_word' id='word_1_206' title='bbox 1983 2541 2050 2580; x_wconf 79' lang='grc' dir='ltr'>τε</span> <span class='ocrx_word' id='word_1_207' title='bbox 2093 2521 2201 2581; x_wconf 85' lang='grc' dir='ltr'>τοὺ</span> <span class='ocrx_word' id='word_1_208' title='bbox 2244 2524 2373 2598; x_wconf 84' lang='grc' dir='ltr'><strong><em>βα-</em></strong></span> 
     </span>
     <span class='ocr_line' id='line_1_25' title="bbox 196 2597 2373 2684; baseline -0 -17"><span class='ocrx_word' id='word_1_209' title='bbox 196 2607 422 2678; x_wconf 78' lang='grc' dir='ltr'><strong><em>σιλέως</em></strong></span> <span class='ocrx_word' id='word_1_210' title='bbox 468 2598 795 2684; x_wconf 75' lang='grc' dir='ltr'><strong><em>ἐγκόλπιον</em></strong></span> <span class='ocrx_word' id='word_1_211' title='bbox 838 2599 951 2666; x_wconf 72' lang='grc' dir='ltr'><strong><em>καὶ</em></strong></span> <span class='ocrx_word' id='word_1_212' title='bbox 986 2602 1057 2666; x_wconf 88' lang='grc' dir='ltr'>τὸ</span> <span class='ocrx_word' id='word_1_213' title='bbox 1098 2597 1567 2683; x_wconf 75' lang='grc' dir='ltr'><strong><em>χρυσοβούλιον</em></strong></span> <span class='ocrx_word' id='word_1_214' title='bbox 1613 2602 1826 2665; x_wconf 75' lang='grc' dir='ltr'><strong><em>ἐδίδου</em></strong></span> <span class='ocrx_word' id='word_1_215' title='bbox 1867 2626 2112 2666; x_wconf 75' lang='lat' dir='ltr'>aut-eam</span> <span class='ocrx_word' id='word_1_216' title='bbox 2151 2606 2373 2666; x_wconf 86' lang='lat' dir='ltr'>bullam</span> 
     </span>
    </p>
   </div>
   <div class='ocr_carea' id='block_1_8' title="bbox 76 2686 2375 2783">
    <p class='ocr_par' dir='ltr' id='par_1_8' title="bbox 76 2686 2375 2783">
     <span class='ocr_line' id='line_1_26' title="bbox 76 2686 2375 2783; baseline -0.001 -32"><span class='ocrx_word' id='word_1_217' title='bbox 76 2734 83 2741; x_wconf 86' lang='lat'>-</span> <span class='ocrx_word' id='word_1_218' title='bbox 194 2689 509 2763; x_wconf 78' lang='lat' dir='ltr'>contradic,</span> <span class='ocrx_word' id='word_1_219' title='bbox 548 2708 659 2750; x_wconf 88' lang='lat' dir='ltr'>seu</span> <span class='ocrx_word' id='word_1_220' title='bbox 698 2688 951 2751; x_wconf 83' lang='lat' dir='ltr'>tabellas</span> <span class='ocrx_word' id='word_1_221' title='bbox 993 2688 1121 2751; x_wconf 84' lang='lat' dir='ltr'>eius</span> <span class='ocrx_word' id='word_1_222' title='bbox 1150 2686 1349 2770; x_wconf 80' lang='lat' dir='ltr'>sigillo</span> <span class='ocrx_word' id='word_1_223' title='bbox 1396 2687 1742 2783; x_wconf 70' lang='lat' dir='ltr'>obsignatas</span> <span class='ocrx_word' id='word_1_224' title='bbox 1782 2710 1854 2750; x_wconf 87' lang='lat' dir='ltr'>ac</span> <span class='ocrx_word' id='word_1_225' title='bbox 1893 2710 2079 2748; x_wconf 77' lang='lat' dir='ltr'>manu</span> <span class='ocrx_word' id='word_1_226' title='bbox 2108 2689 2375 2750; x_wconf 85' lang='lat' dir='ltr'>subscri-</span> 
     </span>
    </p>
   </div>
   <div class='ocr_carea' id='block_1_9' title="bbox 197 2771 2380 3438">
    <p class='ocr_par' dir='ltr' id='par_1_9' title="bbox 197 2771 2380 3438">
     <span class='ocr_line' id='line_1_27' title="bbox 198 2771 2370 2856; baseline 0.001 -24"><span class='ocrx_word' id='word_1_227' title='bbox 198 2780 357 2855; x_wconf 85' lang='lat' dir='ltr'>ptas,</span> <span class='ocrx_word' id='word_1_228' title='bbox 399 2771 621 2855; x_wconf 85' lang='lat' dir='ltr'>quibus</span> <span class='ocrx_word' id='word_1_229' title='bbox 669 2793 784 2833; x_wconf 87' lang='lat' dir='ltr'>nec</span> <span class='ocrx_word' id='word_1_230' title='bbox 826 2793 1103 2856; x_wconf 85' lang='lat' dir='ltr'>expressa</span> <span class='ocrx_word' id='word_1_231' title='bbox 1148 2771 1344 2853; x_wconf 80' lang='lat' dir='ltr'>figura</span> <span class='ocrx_word' id='word_1_232' title='bbox 1391 2792 1592 2832; x_wconf 77' lang='lat' dir='ltr'>crucis</span> <span class='ocrx_word' id='word_1_233' title='bbox 1636 2771 1872 2834; x_wconf 85' lang='lat' dir='ltr'>deerat.</span> <span class='ocrx_word' id='word_1_234' title='bbox 1959 2772 2126 2835; x_wconf 83' lang='lat' dir='ltr'>aliud</span> <span class='ocrx_word' id='word_1_235' title='bbox 2166 2781 2370 2835; x_wconf 83' lang='lat' dir='ltr'>tamen</span> 
     </span>
     <span class='ocr_line' id='line_1_28' title="bbox 199 2849 2372 2938; baseline 0 -21"><span class='ocrx_word' id='word_1_236' title='bbox 199 2876 273 2917; x_wconf 90' lang='lat' dir='ltr'>ac</span> <span class='ocrx_word' id='word_1_237' title='bbox 313 2856 682 2937; x_wconf 87' lang='lat' dir='ltr'>peculiarius</span> <span class='ocrx_word' id='word_1_238' title='bbox 719 2851 788 2917; x_wconf 82' lang='grc' dir='ltr'>τὸ</span> <span class='ocrx_word' id='word_1_239' title='bbox 835 2849 1177 2938; x_wconf 76' lang='grc' dir='ltr'><strong><em>φυλακτόν,</em></strong></span> <span class='ocrx_word' id='word_1_240' title='bbox 1218 2849 1567 2933; x_wconf 76' lang='grc' dir='ltr'><strong><em>ἐγκόλπιον,</em></strong></span> <span class='ocrx_word' id='word_1_241' title='bbox 1594 2851 1880 2931; x_wconf 83' lang='grc' dir='ltr'><strong><em>σταυρός,</em></strong></span> <span class='ocrx_word' id='word_1_242' title='bbox 1921 2858 2104 2919; x_wconf 87' lang='lat' dir='ltr'>semel</span> <span class='ocrx_word' id='word_1_243' title='bbox 2149 2866 2212 2920; x_wconf 88' lang='lat' dir='ltr'>et</span> <span class='ocrx_word' id='word_1_244' title='bbox 2252 2857 2372 2918; x_wconf 88' lang='lat' dir='ltr'>ite..</span> 
     </span>
     <span class='ocr_line' id='line_1_29' title="bbox 201 2937 2373 3023; baseline 0 -23"><span class='ocrx_word' id='word_1_245' title='bbox 201 2960 344 3000; x_wconf 86' lang='lat' dir='ltr'>rum</span> <span class='ocrx_word' id='word_1_246' title='bbox 390 2938 470 3000; x_wconf 88' lang='lat' dir='ltr'>ad</span> <span class='ocrx_word' id='word_1_247' title='bbox 525 2940 826 3001; x_wconf 86' lang='lat' dir='ltr'>maiorem</span> <span class='ocrx_word' id='word_1_248' title='bbox 882 2938 1252 3001; x_wconf 84' lang='lat' dir='ltr'>sacramenti</span> <span class='ocrx_word' id='word_1_249' title='bbox 1320 2937 1673 3017; x_wconf 83' lang='lat' dir='ltr'>religionem</span> <span class='ocrx_word' id='word_1_250' title='bbox 1715 2937 2065 3018; x_wconf 87' lang='lat' dir='ltr'>Theophilo</span> <span class='ocrx_word' id='word_1_251' title='bbox 2105 2961 2373 3023; x_wconf 86' lang='lat' dir='ltr'>usurpa..</span> 
     </span>
     <span class='ocr_line' id='line_1_30' title="bbox 197 3012 2373 3107; baseline 0.002 -26"><span class='ocrx_word' id='word_1_252' title='bbox 197 3033 351 3083; x_wconf 85' lang='lat' dir='ltr'>tum.</span> <span class='ocrx_word' id='word_1_253' title='bbox 434 3021 486 3081; x_wconf 87' lang='lat' dir='ltr'>C</span> <span class='ocrx_word' id='word_1_254' title='bbox 526 3022 712 3084; x_wconf 78' lang='grc' dir='ltr'><strong><em>τοῦτο</em></strong></span> <span class='ocrx_word' id='word_1_255' title='bbox 750 3023 818 3082; x_wconf 74' lang='grc' dir='ltr'>ἐν</span> <span class='ocrx_word' id='word_1_256' title='bbox 854 3023 1097 3098; x_wconf 77' lang='grc' dir='ltr'><strong><em>μείζονι</em></strong></span> <span class='ocrx_word' id='word_1_257' title='bbox 1139 3021 1321 3104; x_wconf 82' lang='grc' dir='ltr'><strong><em>τιμῇ,</em></strong></span> <span class='ocrx_word' id='word_1_258' title='bbox 1366 3012 1402 3099; x_wconf 78' lang='grc' dir='ltr'><em>ἢ</em></span> <span class='ocrx_word' id='word_1_259' title='bbox 1462 3016 1531 3081; x_wconf 83' lang='grc' dir='ltr'>τὸ</span> <span class='ocrx_word' id='word_1_260' title='bbox 1571 3021 1815 3098; x_wconf 77' lang='grc' dir='ltr'><strong><em>πρῶτον</em></strong></span> <span class='ocrx_word' id='word_1_261' title='bbox 1853 3017 2135 3083; x_wconf 74' lang='grc' dir='ltr'><strong><em>κάθιστο.</em></strong></span> <span class='ocrx_word' id='word_1_262' title='bbox 2218 3046 2373 3107; x_wconf 81' lang='lat' dir='ltr'>quae</span> 
     </span>
     <span class='ocr_line' id='line_1_31' title="bbox 199 3105 2378 3190; baseline -0.003 -23"><span class='ocrx_word' id='word_1_263' title='bbox 199 3126 320 3182; x_wconf 74' lang='lat' dir='ltr'>m,</span> <span class='ocrx_word' id='word_1_264' title='bbox 363 3105 557 3188; x_wconf 79' lang='lat' dir='ltr'>sicque</span> <span class='ocrx_word' id='word_1_265' title='bbox 609 3118 796 3190; x_wconf 76' lang='lat' dir='ltr'>parta</span> <span class='ocrx_word' id='word_1_266' title='bbox 836 3108 1089 3167; x_wconf 77' lang='lat' dir='ltr'>victoria</span> <span class='ocrx_word' id='word_1_267' title='bbox 1125 3108 1318 3183; x_wconf 73' lang='lat' dir='ltr'>jecit,</span> <span class='ocrx_word' id='word_1_268' title='bbox 1362 3116 1425 3164; x_wconf 77' lang='lat' dir='ltr'>ut</span> <span class='ocrx_word' id='word_1_269' title='bbox 1472 3105 1538 3164; x_wconf 85' lang='lat' dir='ltr'>in</span> <span class='ocrx_word' id='word_1_270' title='bbox 1581 3106 1803 3163; x_wconf 82' lang='lat' dir='ltr'>maiori</span> <span class='ocrx_word' id='word_1_271' title='bbox 1847 3126 2028 3187; x_wconf 79' lang='lat' dir='ltr'>quam</span> <span class='ocrx_word' id='word_1_272' title='bbox 2055 3106 2226 3188; x_wconf 77' lang='lat' dir='ltr'>prius</span> <span class='ocrx_word' id='word_1_273' title='bbox 2265 3109 2378 3167; x_wconf 79' lang='lat' dir='ltr'>ho..</span> 
     </span>
     <span class='ocr_line' id='line_1_32' title="bbox 199 3181 2380 3272; baseline 0 -22"><span class='ocrx_word' id='word_1_274' title='bbox 199 3189 709 3250; x_wconf 63' lang='lat' dir='ltr'>norebabereeur.</span> <span class='ocrx_word' id='word_1_275' title='bbox 768 3206 773 3213; x_wconf 91' lang='grc'>·</span> <span class='ocrx_word' id='word_1_276' title='bbox 823 3189 913 3272; x_wconf 72' lang='grc' dir='ltr'>τῷ</span> <span class='ocrx_word' id='word_1_277' title='bbox 966 3189 1248 3270; x_wconf 77' lang='grc' dir='ltr'><strong><em>προτέρῳ</em></strong></span> <span class='ocrx_word' id='word_1_278' title='bbox 1310 3181 1817 3264; x_wconf 75' lang='grc' dir='ltr'><strong><em>πλεονεκτήματι.</em></strong></span> <span class='ocrx_word' id='word_1_279' title='bbox 1901 3186 2006 3247; x_wconf 87' lang='lat' dir='ltr'>hic</span> <span class='ocrx_word' id='word_1_280' title='bbox 2053 3186 2221 3251; x_wconf 81' lang='lat' dir='ltr'>deest</span> <span class='ocrx_word' id='word_1_281' title='bbox 2257 3209 2380 3251; x_wconf 83' lang='lat' dir='ltr'>vox</span> 
     </span>
     <span class='ocr_line' id='line_1_33' title="bbox 201 3269 2379 3366; baseline 0.001 -34"><span class='ocrx_word' id='word_1_282' title='bbox 201 3271 442 3354; x_wconf 88' lang='lat' dir='ltr'>aliqua;</span> <span class='ocrx_word' id='word_1_283' title='bbox 506 3282 761 3354; x_wconf 85' lang='lat' dir='ltr'>putem,</span> <span class='ocrx_word' id='word_1_284' title='bbox 815 3269 1175 3341; x_wconf 69' lang='grc' dir='ltr'><strong><em>πεποιθώςε</em></strong></span> <span class='ocrx_word' id='word_1_285' title='bbox 1226 3272 1440 3366; x_wconf 75' lang='lat' dir='ltr'>priore</span> <span class='ocrx_word' id='word_1_286' title='bbox 1480 3270 1730 3365; x_wconf 66' lang='lat' dir='ltr'>confisus</span> <span class='ocrx_word' id='word_1_287' title='bbox 1786 3270 2171 3354; x_wconf 82' lang='lat' dir='ltr'>compendio.-</span> <span class='ocrx_word' id='word_1_288' title='bbox 2217 3272 2379 3334; x_wconf 88' lang='lat' dir='ltr'>bene</span> 
     </span>
     <span class='ocr_line' id='line_1_34' title="bbox 203 3352 1964 3438; baseline -0.001 -23"><span class='ocrx_word' id='word_1_289' title='bbox 203 3356 508 3419; x_wconf 79' lang='lat' dir='ltr'>animatus</span> <span class='ocrx_word' id='word_1_290' title='bbox 554 3376 625 3417; x_wconf 86' lang='lat' dir='ltr'>ex</span> <span class='ocrx_word' id='word_1_291' title='bbox 665 3354 980 3438; x_wconf 86' lang='lat' dir='ltr'>superiori</span> <span class='ocrx_word' id='word_1_292' title='bbox 1020 3354 1283 3416; x_wconf 79' lang='lat' dir='ltr'>victoria</span> <span class='ocrx_word' id='word_1_293' title='bbox 1325 3352 1620 3414; x_wconf 70' lang='lat' dir='ltr'>Manuiilis</span> <span class='ocrx_word' id='word_1_294' title='bbox 1666 3353 1964 3436; x_wconf 81' lang='lat' dir='ltr'>auspicio.</span> 
     </span>
    </p>
   </div>
   <div class='ocr_carea' id='block_1_10' title="bbox 202 3474 2380 3730">
    <p class='ocr_par' dir='ltr' id='par_1_10' title="bbox 202 3474 2380 3730">
     <span class='ocr_line' id='line_1_35' title="bbox 375 3474 2380 3560; baseline 0.001 -21"><span class='ocrx_word' id='word_1_295' title='bbox 375 3478 455 3541; x_wconf 75' lang='lat'>28</span> <span class='ocrx_word' id='word_1_296' title='bbox 552 3474 931 3560; x_wconf 77' lang='grc' dir='ltr'><strong><em>Ζάπετρον]</em></strong></span> <span class='ocrx_word' id='word_1_297' title='bbox 999 3477 1406 3540; x_wconf 84' lang='lat' dir='ltr'>continuator</span> <span class='ocrx_word' id='word_1_298' title='bbox 1470 3499 1542 3539; x_wconf 87' lang='lat' dir='ltr'>ac</span> <span class='ocrx_word' id='word_1_299' title='bbox 1599 3475 1914 3538; x_wconf 86' lang='lat' dir='ltr'>Cedrenus</span> <span class='ocrx_word' id='word_1_300' title='bbox 1970 3474 2380 3559; x_wconf 74' lang='grc' dir='ltr'><strong><em>Σωζόπετραν</em></strong></span> 
     </span>
     <span class='ocr_line' id='line_1_36' title="bbox 202 3561 2380 3644; baseline -0.001 -18"><span class='ocrx_word' id='word_1_301' title='bbox 202 3562 512 3639; x_wconf 79' lang='lat' dir='ltr'>scribunt,</span> <span class='ocrx_word' id='word_1_302' title='bbox 562 3566 931 3627; x_wconf 87' lang='lat' dir='ltr'>amerumnis</span> <span class='ocrx_word' id='word_1_303' title='bbox 985 3563 1294 3644; x_wconf 84' lang='lat' dir='ltr'>patriam,</span> <span class='ocrx_word' id='word_1_304' title='bbox 1336 3561 1509 3622; x_wconf 89' lang='lat' dir='ltr'>cuius</span> <span class='ocrx_word' id='word_1_305' title='bbox 1553 3562 1776 3621; x_wconf 88' lang='lat' dir='ltr'>excidii</span> <span class='ocrx_word' id='word_1_306' title='bbox 1821 3562 2156 3623; x_wconf 84' lang='lat' dir='ltr'>ulciscendi</span> <span class='ocrx_word' id='word_1_307' title='bbox 2201 3583 2380 3624; x_wconf 83' lang='lat' dir='ltr'>causa</span> 
     </span>
     <span class='ocr_line' id='line_1_37' title="bbox 206 3643 2049 3730; baseline -0.001 -22"><span class='ocrx_word' id='word_1_308' title='bbox 206 3648 258 3708; x_wconf 87' lang='lat' dir='ltr'>is</span> <span class='ocrx_word' id='word_1_309' title='bbox 301 3646 625 3707; x_wconf 80' lang='lat' dir='ltr'>Amorium</span> <span class='ocrx_word' id='word_1_310' title='bbox 669 3647 1069 3730; x_wconf 84' lang='lat' dir='ltr'>postmodum</span> <span class='ocrx_word' id='word_1_311' title='bbox 1110 3645 1338 3708; x_wconf 85' lang='lat' dir='ltr'>excidit</span> <span class='ocrx_word' id='word_1_312' title='bbox 1383 3643 1722 3727; x_wconf 82' lang='lat' dir='ltr'>Theophili</span> <span class='ocrx_word' id='word_1_313' title='bbox 1764 3647 2049 3726; x_wconf 87' lang='lat' dir='ltr'>patriam.</span> 
     </span>
    </p>
   </div>
   <div class='ocr_carea' id='block_1_11' title="bbox 203 3753 2383 4182">
    <p class='ocr_par' dir='ltr' id='par_1_11' title="bbox 203 3753 2383 4182">
     <span class='ocr_line' id='line_1_38' title="bbox 370 3753 2380 3844; baseline -0 -20"><span class='ocrx_word' id='word_1_314' title='bbox 370 3758 454 3824; x_wconf 76' lang='lat'>29</span> <span class='ocrx_word' id='word_1_315' title='bbox 536 3756 646 3823; x_wconf 74' lang='grc' dir='ltr'>διὰ</span> <span class='ocrx_word' id='word_1_316' title='bbox 664 3757 772 3825; x_wconf 74' lang='grc' dir='ltr'>τὸν</span> <span class='ocrx_word' id='word_1_317' title='bbox 801 3762 917 3825; x_wconf 74' lang='grc' dir='ltr'>τοῦ</span> <span class='ocrx_word' id='word_1_318' title='bbox 955 3753 1328 3844; x_wconf 76' lang='grc' dir='ltr'><strong><em>ἇμερουμνῆ</em></strong></span> <span class='ocrx_word' id='word_1_319' title='bbox 1367 3761 1631 3836; x_wconf 70' lang='grc' dir='ltr'>ἐκεῖθεν]</span> <span class='ocrx_word' id='word_1_320' title='bbox 1672 3763 2004 3824; x_wconf 83' lang='lat' dir='ltr'>obscurum</span> <span class='ocrx_word' id='word_1_321' title='bbox 2043 3762 2187 3824; x_wconf 89' lang='lat' dir='ltr'>hoc.</span> <span class='ocrx_word' id='word_1_322' title='bbox 2233 3785 2380 3823; x_wconf 90' lang='lat' dir='ltr'>num</span> 
     </span>
     <span class='ocr_line' id='line_1_39' title="bbox 205 3838 2380 3945; baseline 0.001 -39"><span class='ocrx_word' id='word_1_323' title='bbox 205 3840 315 3907; x_wconf 72' lang='grc' dir='ltr'>διὰ</span> <span class='ocrx_word' id='word_1_324' title='bbox 355 3839 429 3907; x_wconf 81' lang='grc' dir='ltr'>τὸ</span> <span class='ocrx_word' id='word_1_325' title='bbox 474 3838 584 3908; x_wconf 78' lang='grc' dir='ltr'>τὸν</span> <span class='ocrx_word' id='word_1_326' title='bbox 627 3839 998 3926; x_wconf 77' lang='grc' dir='ltr'><strong><em>ἄμερουμνῆ</em></strong></span> <span class='ocrx_word' id='word_1_327' title='bbox 1040 3846 1323 3907; x_wconf 58' lang='grc' dir='ltr'><strong><em>ἑκεῶενε</em></strong></span> <span class='ocrx_word' id='word_1_328' title='bbox 1367 3846 1566 3907; x_wconf 82' lang='lat' dir='ltr'>urbem</span> <span class='ocrx_word' id='word_1_329' title='bbox 1607 3859 1743 3907; x_wconf 81' lang='lat' dir='ltr'>tunc</span> <span class='ocrx_word' id='word_1_330' title='bbox 1777 3846 2121 3945; x_wconf 72' lang='lat' dir='ltr'>opulentam</span> <span class='ocrx_word' id='word_1_331' title='bbox 2169 3868 2243 3907; x_wconf 86' lang='lat' dir='ltr'>ac</span> <span class='ocrx_word' id='word_1_332' title='bbox 2259 3869 2380 3943; x_wconf 70' lang='lat' dir='ltr'>po-</span> 
     </span>
     <span class='ocr_line' id='line_1_40' title="bbox 204 3927 2383 4015; baseline 0.001 -24"><span class='ocrx_word' id='word_1_333' title='bbox 204 3932 389 3991; x_wconf 80' lang='lat' dir='ltr'>tentia</span> <span class='ocrx_word' id='word_1_334' title='bbox 434 3930 664 3991; x_wconf 78' lang='lat' dir='ltr'>claram</span> <span class='ocrx_word' id='word_1_335' title='bbox 683 3975 705 4008; x_wconf 89' lang='lat'><strong>,</strong></span> <span class='ocrx_word' id='word_1_336' title='bbox 744 3950 816 3992; x_wconf 84' lang='lat' dir='ltr'>eo</span> <span class='ocrx_word' id='word_1_337' title='bbox 876 3930 1039 4015; x_wconf 81' lang='lat' dir='ltr'>quod</span> <span class='ocrx_word' id='word_1_338' title='bbox 1093 3928 1233 3991; x_wconf 81' lang='lat' dir='ltr'>inde</span> <span class='ocrx_word' id='word_1_339' title='bbox 1273 3927 1666 3990; x_wconf 77' lang='lat' dir='ltr'>Amemmnes</span> <span class='ocrx_word' id='word_1_340' title='bbox 1722 3930 2002 3991; x_wconf 64' lang='lat' dir='ltr'>oriundus</span> <span class='ocrx_word' id='word_1_341' title='bbox 2062 3943 2245 4007; x_wconf 67' lang='lat' dir='ltr'>ess-et,-</span> <span class='ocrx_word' id='word_1_342' title='bbox 2312 3941 2383 3993; x_wconf 88' lang='lat' dir='ltr'>ut</span> 
     </span>
     <span class='ocr_line' id='line_1_41' title="bbox 203 4007 2383 4093; baseline 0 -18"><span class='ocrx_word' id='word_1_343' title='bbox 203 4010 632 4088; x_wconf 83' lang='lat' dir='ltr'>subaudiatur,</span> <span class='ocrx_word' id='word_1_344' title='bbox 681 4020 791 4073; x_wconf 87' lang='lat' dir='ltr'>aut</span> <span class='ocrx_word' id='word_1_345' title='bbox 838 4012 1223 4076; x_wconf 86' lang='lat' dir='ltr'>desideretur</span> <span class='ocrx_word' id='word_1_346' title='bbox 1266 4034 1383 4074; x_wconf 81' lang='lat' dir='ltr'>vox</span> <span class='ocrx_word' id='word_1_347' title='bbox 1430 4007 1779 4092; x_wconf 74' lang='grc' dir='ltr'><strong><em>ὁρμᾶσθαι.</em></strong></span> <span class='ocrx_word' id='word_1_348' title='bbox 1823 4015 1918 4073; x_wconf 77' lang='lat' dir='ltr'>vel</span> <span class='ocrx_word' id='word_1_349' title='bbox 1964 4008 2069 4074; x_wconf 75' lang='grc' dir='ltr'>διὰ</span> <span class='ocrx_word' id='word_1_350' title='bbox 2113 4011 2228 4093; x_wconf 76' lang='grc' dir='ltr'>τὴν</span> <span class='ocrx_word' id='word_1_351' title='bbox 2270 4014 2383 4076; x_wconf 75' lang='grc' dir='ltr'>τοῦ</span> 
     </span>
     <span class='ocr_line' id='line_1_42' title="bbox 205 4090 2380 4182; baseline 0.001 -26"><span class='ocrx_word' id='word_1_352' title='bbox 205 4095 605 4176; x_wconf 74' lang='grc' dir='ltr'><strong><em>Ἀμερουμνῆ</em></strong></span> <span class='ocrx_word' id='word_1_353' title='bbox 649 4090 891 4156; x_wconf 72' lang='grc' dir='ltr'>ἐκεῖθεν</span> <span class='ocrx_word' id='word_1_354' title='bbox 931 4096 1229 4177; x_wconf 72' lang='grc' dir='ltr'><strong><em>πατρίδα.</em></strong></span> <span class='ocrx_word' id='word_1_355' title='bbox 1300 4097 1463 4182; x_wconf 82' lang='lat' dir='ltr'>quod</span> <span class='ocrx_word' id='word_1_356' title='bbox 1499 4109 1643 4157; x_wconf 82' lang='lat' dir='ltr'>esset</span> <span class='ocrx_word' id='word_1_357' title='bbox 1680 4097 1809 4171; x_wconf 57' lang='lat' dir='ltr'>illic</span> <span class='ocrx_word' id='word_1_358' title='bbox 1849 4098 2227 4159; x_wconf 68' lang='lat' dir='ltr'>Amenanmis</span> <span class='ocrx_word' id='word_1_359' title='bbox 2257 4119 2380 4180; x_wconf 86' lang='lat' dir='ltr'>pa-</span> 
     </span>
    </p>
   </div>
   <div class='ocr_carea' id='block_1_12' title="bbox 202 4178 2385 4344">
    <p class='ocr_par' dir='ltr' id='par_1_12' title="bbox 202 4178 2385 4344">
     <span class='ocr_line' id='line_1_43' title="bbox 205 4178 2380 4263; baseline -0 -22"><span class='ocrx_word' id='word_1_360' title='bbox 205 4192 365 4255; x_wconf 71' lang='lat' dir='ltr'>tna3</span> <span class='ocrx_word' id='word_1_361' title='bbox 408 4200 484 4239; x_wconf 87' lang='lat' dir='ltr'>an</span> <span class='ocrx_word' id='word_1_362' title='bbox 533 4178 722 4262; x_wconf 77' lang='lat' dir='ltr'>magis</span> <span class='ocrx_word' id='word_1_363' title='bbox 757 4178 955 4240; x_wconf 74' lang='lat' dir='ltr'>hiatus</span> <span class='ocrx_word' id='word_1_364' title='bbox 996 4180 1122 4241; x_wconf 73' lang='lat' dir='ltr'>est?</span> <span class='ocrx_word' id='word_1_365' title='bbox 1172 4181 1411 4263; x_wconf 84' lang='lat' dir='ltr'>integre</span> <span class='ocrx_word' id='word_1_366' title='bbox 1445 4201 1595 4241; x_wconf 86' lang='lat' dir='ltr'>vero</span> <span class='ocrx_word' id='word_1_367' title='bbox 1624 4180 1906 4242; x_wconf 82' lang='lat' dir='ltr'>laudatus</span> <span class='ocrx_word' id='word_1_368' title='bbox 1946 4180 2380 4242; x_wconf 82' lang='lat' dir='ltr'>continuator:</span> 
     </span>
     <span class='ocr_line' id='line_1_44' title="bbox 202 4256 2385 4344; baseline 0 -21"><span class='ocrx_word' id='word_1_369' title='bbox 202 4256 318 4342; x_wconf 74' lang='grc' dir='ltr'>τήν</span> <span class='ocrx_word' id='word_1_370' title='bbox 378 4256 793 4342; x_wconf 74' lang='grc' dir='ltr'><strong><em>Σωζόπετραν</em></strong></span> <span class='ocrx_word' id='word_1_371' title='bbox 854 4258 1343 4344; x_wconf 76' lang='grc' dir='ltr'><strong><em>ἐκπολιορκήσας</em></strong></span> <span class='ocrx_word' id='word_1_372' title='bbox 1416 4263 1696 4344; x_wconf 71' lang='grc' dir='ltr'><strong><em>πατρίδα</em></strong></span> <span class='ocrx_word' id='word_1_373' title='bbox 1757 4257 2199 4344; x_wconf 71' lang='grc' dir='ltr'><strong><em>τυγχάνουσαν</em></strong></span> <span class='ocrx_word' id='word_1_374' title='bbox 2265 4265 2385 4323; x_wconf 67' lang='grc' dir='ltr'>τοῦ</span> 
     </span>
    </p>
   </div>
  </div>
 </body>
</html>
