3352 5237
1006 367 1153 438 520
1480 373 1593 437 An
1649 369 1980 437 LEONEM
2037 370 2651 439 GRAMMATICUM

1004 548 1424 608 successorem,
1467 528 1688 611 utique
1729 526 2087 589 Baldimeris
2128 535 2393 609 patrem,
2434 524 2653 587 Crumi
2696 523 2956 607 nepotis,
3005 526 3174 610 Cry-

948 615 953 620 ’
1003 624 1291 696 tagonem
1332 621 1537 672 vocat.
1653 610 1802 694 quid
1867 612 1918 671 si
1977 613 2103 673 Leo
2148 632 2334 693 quem
2389 620 2456 672 et
2494 608 2900 671 Baldimerem
2945 616 3012 671 et
3047 612 3173 671 Mi.
3291 641 3296 645 ·

1002 697 1273 760 clia'elem
1326 692 1605 772 dixerat,
1673 716 1745 756 ex
1805 695 2001 777 patris
2068 693 2255 755 etiam
2318 694 2569 755 nomine
2623 693 2714 755 sic
2768 695 3178 774 nuncupavit,

997 780 1368 862 scripsitque
1429 774 1463 838 ὅ
1509 776 1946 859 Κρυτάγονος,
2004 798 2077 840 ex
2120 798 2247 860 quo
2296 777 2615 858 imperitus
2665 776 2953 838 librarius
2991 798 3178 838 snum

998 856 1222 944 Κόμης
1263 862 1652 943 expresserit,
1696 868 1767 922 nt
1808 872 1897 922 est
1919 862 2111 923 facilis
2153 882 2341 922 error
2370 860 2431 921 in
2475 860 2825 922 nominibus
2850 860 3172 942 propriis?

994 947 1402 1029 Bulgarornm
1446 943 1799 1042 principem
1844 966 1916 1006 ac
1954 945 2271 1005 dominum
2315 944 2605 1005 comitem
2644 943 3023 1026 appellatum
3069 966 3176 1006 me

995 1029 1207 1113 legisse
1255 1050 1381 1094 non
1419 1029 1705 1102 memin13
1755 1050 1869 1091 nec
1913 1028 2095 1090 aliter
2135 1025 2453 1090 emendem
2496 1049 2685 1111 quam
2726 1025 3003 1109 exposui.

1157 1127 1244 1190 44
1323 1125 1726 1208 ἐπιάγουρον]
1784 1128 2136 1204 robustum,
2182 1148 2436 1213 procero
2471 1148 2721 1211 corpore
2779 1146 2854 1190 ac
2916 1128 3170 1211 stipato,

996 1234 1124 1276 non
1166 1226 1476 1294 agn-stem.
1564 1211 1706 1272 vide
1745 1207 1980 1294 p.431,
2023 1212 2132 1273 ubi
2176 1223 2239 1272 et
2285 1211 2363 1273 de
2404 1231 2555 1272 voce
2597 1200 2883 1291 ὅγουρος,
2927 1209 3174 1294 vulgari

996 1296 1203 1380 lingua
1237 1305 1328 1357 est
1391 1285 1598 1374 ἄωρος
1638 1297 2023 1372 imantia-us,
2084 1304 2155 1356 ut
2192 1315 2321 1355 non
2388 1294 2643 1356 omnino
2712 1292 3000 1355 dissideat
3057 1296 3175 1354 ista

989 1378 1355 1464 significatio
1416 1378 1494 1439 ab
1559 1377 1752 1439 altera
1780 1424 1797 1450 ‚
1848 1400 1972 1462 qua
2015 1400 2136 1461 pro
2197 1376 2414 1440 adulto
2454 1378 2820 1460 robustique
2879 1377 3172 1459 corporis

993 1464 1214 1526 iuvene
1254 1462 1564 1545 accipitur
1601 1460 1705 1523 hic
1749 1472 1812 1524 et
1857 1462 2025 1544 apud
2066 1462 2382 1526 Nicetam.¹

1155 1556 1238 1624 45
1319 1561 1412 1634 εἷς
1468 1551 1550 1641 ἦν
1612 1555 1725 1623 καί
1762 1559 2162 1641 ἐλοιδορεῖτο]
2229 1562 2392 1623 sorte
2444 1560 2870 1623 mulierculam
2910 1580 3173 1622 uxorem

992 1646 1242 1708 tradens
1285 1666 1407 1728 qua
1446 1655 1656 1707 scorto
1703 1645 1924 1708 abusus
1969 1655 2140 1723 esset,
2189 1646 2279 1705 uti
2328 1646 2513 1706 etiam
2542 1644 2794 1705 inferius
2836 1644 3035 1727 liquet
3076 1645 3174 1705 se·

990 1729 1142 1792 cisse
1181 1729 1430 1791 Basilio.
1507 1728 1596 1790 sic
1634 1728 2008 1792 Plutarchus
2049 1726 2440 1807 λοιδορεῖθαι
2483 1723 2573 1798 εἰς
2608 1726 3001 1803 δυσγένειαν.

1154 1826 1240 1889 46
1322 1828 1404 1911 τῇ
1450 1822 1669 1913 νύμφῃ
1726 1825 1934 1889 αὐτοῦ
2001 1828 2495 1928 σνμφθείςεται]
2557 1847 2780 1908 nempe
2821 1823 3177 1908 repudiata,

992 1922 1064 1974 ut
1105 1910 1294 1973 babet
1333 1911 1742 1973 continuator
1781 1911 2121 1974 Vaticanus
2159 1908 2442 1989 ἄλλογως
2484 1908 2596 1971 καὶ
2631 1906 2928 1982 α’ναιτίως
2969 1929 3176 1972 uxore

988 2015 1272 2138 Pmpzlq·
1320 2073 1582 2157 ποιῆσαι
1639 2074 2069 2156 παραίτησιν]
2135 2095 2254 2159 quo
2312 2096 2375 2136 se
2418 2033 2523 2139 ilie
2567 2098 2807 2139 munem
2842 2074 3177 2139 abdzbaoet.

993 2158 1168 2244 quod
1212 2169 1418 2222 tamen
1477 2158 1730 2220 minime
1788 2167 2151 2221 consecutus
2193 2165 2329 2235 est,
2372 2161 2692 2223 obnitente
2737 2158 3009 2244 Ignatio‚
3056 2158 3178 2220 do-

990 2264 1107 2308 nec
1142 2264 1260 2341 per
1300 2241 1589 2303 iniuriam
1639 2241 1956 2324 depositus
2013 2241 2202 2325 vique
2244 2245 2521 2323 expulsus
2561 2254 2674 2306 est.
2785 2242 2992 2304 multis
3037 2250 3177 2304 tra-

990 2328 1279 2410 goediam
1339 2344 1522 2408 prose
1568 2325 1746 2386 uitur
1803 2325 1952 2386 Vat.
2011 2325 2456 2405 continuator,
2497 2336 2570 2389 ut
2627 2337 2691 2389 et
2728 2328 3005 2403 Nicetas‚
3056 2347 3176 2386 au.-

991 2421 1261 2495 ctorque
1302 2411 1468 2472 vitae
1581 2408 1760 2471 icolai
1805 2408 2114 2470 Studitae.

1154 2506 1240 2575 48
1322 2509 1448 2571 τῶν
1476 2505 1691 2571 α’θέων
1722 2506 1908 2593 Peg]
1960 2519 2176 2572 narrat
2199 2509 2478 2574 laudatus
2505 2512 2928 2587 continuator,
2967 2532 3174 2594 exque

989 2617 1066 2659 eo
1110 2594 1445 2671 Cedrenus,
1492 2592 1670 2655 brevi
1710 2604 1851 2676 post
1894 2594 2081 2655 missis
2113 2594 2323 2677 legatis
2367 2595 2559 2658 factos
2599 2617 2724 2658 esse
2757 2594 3170 2658 Christianos.

1153 2693 1236 2762 49
1319 2700 1546 2779 κυρίαν
1599 2695 1803 2780 αὐτὴν
1844 2695 2044 2785 ἔχειν]
2105 2704 2207 2763 illi
2246 2704 2530 2764 honorem
2574 2726 2678 2765 ceu
2720 2704 3008 2765 domimoe
3049 2705 3168 2763 ha-

988 2785 1178 2861 beret,
1218 2804 1358 2844 eam
1402 2783 1803 2859 observaret,
1876 2805 1989 2846 nec
2047 2794 2174 2846 tam
2214 2786 2332 2847 sibi
2393 2808 2648 2850 uxorem
2687 2787 2940 2848 haberet
2983 2809 3174 2870 qnam

986 2864 1275 2928 michaeli
1332 2888 1358 2926 s
1407 2867 1725 2926 urcissimo
1790 2868 2200 2929 concubinam
2272 2879 2590 2952 servaret3
2645 2892 2715 2933 ex
2795 2891 2924 2954 quo
2973 2873 3169 2945 etiam

988 2970 1125 3033 pag.
1166 2944 1292 3011 468
1336 2886 1567 3011 dlicitur
1609 2952 1883 3012 Leonem
1922 2951 2266 3035 suscepisse.

1147 3046 1230 3110 50
1315 3043 1663 3133 βάψαντες]
1711 3051 1959 3111 vivifico
2008 3072 2230 3134 nempe
2277 3051 2466 3114 calice
2510 3051 2601 3111 nsi
2646 3051 2983 3112 atramenti
3024 3051 3168 3113 loco

986 3131 1065 3193 ad
1106 3130 1445 3194 horrorem
1510 3154 1585 3193 ac
1626 3134 1982 3216 religionem
2038 3148 2421 3198 sacramento
2463 3133 2932 3210 conciliandam,
2976 3156 3170 3231 quam

988 3225 1194 3277 tamen
1245 3214 1432 3277 foede
1491 3226 1668 3278 erant
1724 3216 2057 3279 violaturi:
2110 3219 2260 3301 quin
2309 3240 2510 3302 neque
2574 3218 2695 3279 alio
2737 3218 2950 3279 animo
2993 3239 3169 3279 tura·

987 3299 1141 3360 bant
1182 3321 1371 3384 quam
1418 3308 1488 3360 ut
1531 3299 1863 3383 deceptum
1909 3300 2312 3364 iureiurando
2368 3302 2682 3363 hominem
2727 3302 2886 3363 urbe
2933 3301 3171 3363 educe-

985 3390 1164 3460 rent,
1230 3404 1302 3443 ac
1363 3394 1675 3445 necarent.
1760 3384 1922 3445 solus
1980 3386 2108 3446 Leo
2151 3385 2312 3446 hanc
2361 3386 2609 3446 videtur
2653 3385 2978 3447 historiam
3020 3387 3170 3447 teti·

983 3464 1164 3548 gissa:
1209 3466 1352 3528 Vat.
1426 3467 1825 3529 continuator
1889 3468 2094 3529 Basilii
2147 3470 2315 3530 sorte
2378 3469 2725 3531 reverentia
2782 3469 3059 3550 pressit,
3104 3469 3164 3528 in

982 3549 1250 3632 gratiam
1290 3550 1536 3631 nepotis
1575 3549 1734 3610 illins
1778 3552 2186 3614 Constantini.

1150 3648 1228 3710 51
1316 3648 1384 3709 ἐν
1416 3648 1734 3734 ταξειδίῳ]
1780 3648 2012 3711 dicitur
2035 3673 2161 3714 esse
2206 3650 2514 3733 princeps,
2557 3672 2700 3712 cum
2742 3659 2917 3713 extra
2946 3651 3170 3712 urbem

988 3731 1084 3792 vel
1112 3731 1300 3791 animi
1327 3751 1507 3793 causa
1552 3732 1647 3794 vel
1679 3733 1952 3795 exercitii
1994 3738 2119 3796 sive
2164 3735 2349 3797 etiam
2394 3734 2598 3795 bellici
2643 3742 2979 3816 apparatus
3023 3756 3167 3795 mo-

988 3822 1185 3875 ratur.
1230 3813 1647 3897 producemus
1671 3816 1857 3901 ‚pselli
1901 3818 2186 3898 epistolas
2229 3827 2405 3879 tomo
2449 3817 2647 3880 altero
2693 3817 2771 3879 ad
2815 3818 3167 3901 imperato-

989 3917 1088 3956 res
1132 3907 1241 3958 aut
1282 3898 1369 3959 eis
1415 3900 1690 3975 comites,
1733 3900 1803 3961 ἐν
1841 3900 2159 3986 ταξειδίιμ
2205 3902 2427 3984 quibus
2471 3922 2695 3983 nempe
2733 3921 2959 3962 eorum
3004 3912 3174 3964 tem-

988 3997 1218 4061 porum
1264 3981 1610 4044 illustretur
1652 3982 1932 4045 historia.
3161 4004 3166 4013 ·

1154 4062 1235 4122 52
1318 4060 1425 4125 τὸν
1480 4068 1983 4145 χρυσοπέρσικον
2027 4067 2423 4144 χιτωνίσκον]
2486 4067 2554 4127 Ρ.
2596 4069 2765 4128 Goar
2816 4065 2896 4127 ad
2938 4065 3164 4127 Codini

990 4164 1125 4226 cap.
1179 4142 1255 4205 19
1304 4149 1559 4210 caesiam
1625 4150 1898 4210 tunicam
1941 4152 2235 4232 exponit,
2280 4172 2442 4233 qnae
2484 4151 2655 4233 velut
2691 4150 2966 4213 Caesaris
3015 4151 3170 4212 insi-

988 4247 1108 4311 gne
1152 4239 1306 4291 erat.
1393 4229 1641 4295 videndi
1681 4233 1807 4294 illic
1850 4233 2024 4295 docti
2068 4233 2224 4297 illius
2269 4232 2732 4297 Commentarii.
