3352 5237
790 371 938 444 524
1265 372 1379 439 AD
1432 375 1762 439 LEONEM
1817 371 2438 439 GRAMMATICUM

791 550 931 610 dice
973 565 1114 608 eum
1182 546 1294 630 qui
1340 546 1549 629 primo
1592 542 1787 606 edidit
1839 543 2078 627 liquetz
2123 543 2287 606 unde
2331 553 2396 606 et
2438 547 2830 610 stomachum
2883 552 2990 611 fa-

791 633 896 707 cit,
944 628 1113 712 quod
1178 629 1345 691 nulla
1406 628 1627 690 maiori
1685 626 2023 690 collatione
2087 648 2232 688 cum
2273 643 2393 690 mss
2434 628 2610 691 codd.
2657 653 2862 716 exque
2910 636 2988 695 iis

794 713 1224 778 emendatione
1263 735 1299 772 a
1341 714 1567 774 nostris
1612 731 1862 772 recusus
1907 721 2015 773 est.

951 793 1036 857 84
1118 795 1234 877 τήν
1283 790 1538 879 ἑορτὴν]
1601 796 1823 856 clarius
1866 797 2222 877 Anonymus
2285 787 2403 876 τὴν
2438 789 2736 878 τοιαύτην
2777 801 2986 879 noo&-

787 883 1017 942 λευσιν.

952 961 1035 1024 85
1118 949 1444 1040 ἄσηπτος]
1500 951 1852 1023 Cedrenusz
1908 954 2060 1039 ἐβίω
2114 953 2342 1040 χρόνον
2381 954 2620 1039 συχνὸν
2656 964 2802 1038 μετ’
2840 957 2982 1025 αὔ-

782 1045 893 1107 τοῦ
930 1040 1241 1125 ἄστεφήςι
1283 1041 1397 1106 diu
1425 1064 1565 1105 cum
1602 1065 1675 1106 eo
1697 1045 1866 1106 vixit
1902 1044 2171 1105 nondum
2207 1043 2438 1104 donata
2460 1047 2732 1126 nuptiali
2771 1049 2981 1110 corol-

785 1129 877 1207 la,
906 1135 1015 1189 aut
1047 1127 1374 1190 celebratis
1408 1147 1545 1189 cum
1569 1149 1642 1190 eo
1685 1129 1945 1212 nuptiis.-
1991 1126 2070 1187 de
2095 1124 2214 1187 hac
2253 1128 2436 1202 enim,
2480 1147 2606 1187 non
2649 1128 2729 1191 de
2772 1130 2985 1214 impe-

790 1211 928 1276 riuti
970 1230 1206 1271 corona
1247 1231 1453 1272 sermo
1498 1219 1608 1289 est,
1649 1208 1950 1294 'quicquid
1986 1210 2097 1271 sibi
2129 1210 2433 1291 interpres
2476 1210 2846 1276 indulserit:
2897 1216 2983 1277 de

790 1318 916 1378 qua
959 1294 1143 1356 etiam
1187 1293 1585 1375 postmodum
1627 1294 1938 1374 subditur,
1982 1293 2263 1376 deposito
2304 1294 2588 1354 ministro
2629 1298 2735 1377 qni
2781 1319 2979 1360 coro-

793 1399 945 1441 nare
989 1377 1505 1461 praesumpsisset,
1546 1378 1802 1460 ipsoque
1840 1379 2052 1439 Leone
2114 1377 2299 1438 sacris
2335 1376 2684 1458 prohibit0‚
2731 1381 2981 1444 abhor-

792 1469 969 1524 rente
1007 1460 1241 1522 scilicet
1290 1483 1326 1521 a
1373 1463 1609 1544 quartis
1653 1462 1879 1544 nuptiis
1913 1465 2153 1522 Graeca
2201 1462 2446 1541 pietate,
2495 1483 2653 1544 quae
2693 1467 2788 1525 vix
2831 1473 2974 1528 ter..

789 1545 904 1608 tias
943 1544 1116 1605 indul
1160 1552 1239 1605 et.

947 1624 1030 1690 86
1115 1566 1584 1703 ἓπεσυνόψισεν
1625 1624 1698 1688 δὲ
1739 1625 1809 1687 ἐν
1848 1627 1924 1710 τῇ
1975 1624 2436 1708 αὕτακρᾳτοριά
2476 1626 2593 1688 τοῦ
2628 1629 2973 1712 βασιλέως]

788 1710 1016 1774 borum
1057 1710 1467 1794 interpretem
1527 1709 1710 1770 alium
1757 1711 1947 1771 nolim
2010 1732 2195 1792 quam
2236 1709 2383 1774 Vat.
2440 1712 2974 1793 continuatorem,

790 1815 863 1857 ex
906 1816 1032 1878 quo
1074 1795 1160 1855 sic
1184 1795 1455 1854 Leonem
1496 1795 1806 1876 scripsisse
1847 1793 2102 1855 omnino
2149 1794 2440 1868 coniicio,
2483 1788 2608 1853 α’πὸ
2635 1788 2976 1874 συνόψεως

789 1878 858 1940 ἑν
896 1880 976 1958 τῆ
1015 1872 1433 1961 κουρατωριζί
1479 1878 1595 1938 τοῦ
1631 1876 1965 1954 βασιλέως.
2067 1879 2191 1959 egit
2226 1898 2452 1938 menses
2490 1891 2768 1960 quattuor·
2809 1883 2972 1942 aula

787 1939 1067 2023 excliesus
1136 1962 1203 2020 in
1243 1959 1498 2021 Bastiae
1537 1960 1720 2034 domo
1741 2004 1761 2038 ,
1858 1981 1977 2034 uae
2020 1962 2406 2044 imperatoris
2441 1963 2686 2057 peculii
2721 1984 2802 2024 ac
2834 1963 2978 2033 fisci

776 2046 1023 2129 privati
1056 2055 1208 2103 erat.
1290 2043 1379 2103 sic
1420 2063 1641 2125 nempe
1688 2064 1802 2104 con
1832 2052 1973 2104 ecto
2024 2043 2231 2104 Barda
2271 2061 2367 2105 eas
2409 2043 2524 2105 sibi
2573 2045 2751 2107 aedes
2799 2048 2973 2107 Basi-

785 2128 902 2188 lius
946 2123 1301 2198 addixeram
1340 2126 1593 2210 hocque
1634 2133 1725 2188 est
1767 2128 2182 2206 κουρατωριά,
2224 2127 2318 2187 uti
2358 2127 2574 2189 videre
2616 2139 2705 2190 est
2751 2129 2966 2210 pam

785 2217 851 2273 et
886 2204 1035 2272 504.
1123 2212 1350 2271 mirum
1400 2225 1585 2293 quam
1608 2209 1909 2271 excedant
1993 2232 2110 2272 uae
2149 2210 2263 2271 sibi
2305 2211 2610 2293 interpres
2647 2233 2972 2274 commen-

785 2302 888 2356 tus
933 2301 1044 2356 est.
1146 2292 1286 2355 vide
1342 2302 1407 2355 et
1463 2304 1680 2356 notata
1742 2314 1882 2377 pag.
1921 2290 1964 2353 4
2006 2289 2086 2368 ⁴2,
2131 2293 2235 2355 ubi
2299 2301 2364 2355 et
2423 2298 2618 2356 relata
2660 2298 2974 2380 Anonymi

783 2378 974 2441 verba
1062 2379 1242 2440 uibus
1290 2377 1391 2438 hic
1433 2377 1625 2438 nitor.
1711 2397 1832 2437 vox
1869 2376 2314 2456 μητατορίκιον
2349 2377 2420 2444 P.
2448 2382 2621 2440 Goar
2661 2377 2965 2461 explicata

786 2460 852 2522 in
891 2399 1304 2544 Eucffiologio'
1328 2466 1392 2522 et
1432 2460 1598 2544 apud
1643 2459 2017 2522 Cedrenum.

951 2559 1031 2624 87
1114 2555 1353 2643 χιόνος]
1418 2559 1732 2623 Cedrenus
1787 2547 2024 2639 χρόνον
2087 2560 2279 2642 legit,
2318 2582 2457 2622 cum
2503 2562 2588 2623 sic
2626 2563 2842 2624 effen-tt
2883 2562 2972 2622 ου’

782 2639 944 2721 πολι)
992 2644 1280 2724 παρῆλθε
1305 2639 1541 2722 καιρός.
1627 2645 1814 2704 ctiam
1845 2649 2026 2705 Anon
2071 2666 2221 2724 mus,
2258 2638 2493 2723 χρόνον
2536 2646 2606 2706 δὲ
2646 2644 2970 2723 ἐπικειμέ-

789 2746 903 2788 νου
953 2725 1212 2787 πολλοῦ.
1295 2726 1402 2786 ubi
1446 2727 1826 2788 restituenda
1873 2749 2023 2810 nega
2056 2731 2117 2789 io
2172 2750 2242 2789 ex
2289 2728 2474 2790 allato
2517 2728 2852 2791 Cedrenus.

940 2823 1036 2886 ’88
1117 2822 1227 2884 τοῦ
1267 2818 1437 2904 ἔχειν
1481 2815 1739 2907 ἄνδρας]
1789 2829 2143 2910 Anonymus
2177 2827 2296 2888 wi?
2333 2821 2505 2907 ἔχειν
2542 2833 2810 2909 γυναῖκα
2853 2821 2969 2890 ὅν.

785 2904 964 3002 δρας.
1053 2907 1209 3004 quid
1247 2909 1298 2970 si
1339 2916 1680 2992 utrumque
1722 2910 1961 2971 sancire
1999 2912 2236 2989 voluit,
2277 2912 2581 2993 pariaque
2627 2914 2826 2974 voluit
2867 2913 2965 2973 fe-

783 3010 994 3054 minae
1030 2992 1281 3074 virique
1333 2992 1493 3070 iura,
1521 3005 1643 3055 tum
1686 2996 1975 3054 nimirum
2017 2995 2221 3055 vie-um
2249 3008 2366 3056 tres
2401 3009 2766 3078 quattuorve
2806 3018 2964 3057 uxo·

784 3094 878 3135 res
912 3095 1086 3159 posse
1127 3075 1372 3150 ducere,
1417 3089 1541 3137 tum
1580 3097 1838 3137 uxorem
1882 3078 2132 3139 totidem
2158 3079 2346 3143 vie-os.
2435 3099 2558 3139 non
2602 3073 2764 3141 κατὰ
2805 3100 2962 3139 tav-

783 3153 913 3236 τόν,
957 3160 1140 3220 simul
1195 3172 1254 3221 et
1306 3160 1533 3238 semel,
1579 3156 1753 3242 quod
1814 3160 1972 3222 male
2013 3159 2238 3223 adiecit
2294 3161 2612 3223 Cedrenus
2659 3162 2960 3244 (ineptum

784 3240 911 3302 hoc
951 3241 1197 3324 opinari
1258 3241 1335 3303 de
1380 3245 1518 3303 viro
1580 3244 1814 3326 alioqui
1873 3246 2152 3325 sapiente
2213 3266 2287 3305 ac
2343 3245 2546 3327 probe
2587 3244 2964 3321 Christiano,

786 3324 888 3385 cui
948 3336 1011 3387 et
1079 3322 1415 3387 doctissimi
1471 3325 1591 3386 viri
1634 3326 2158 3408 astipularentur,
2214 3336 2284 3387 ut
2350 3331 2480 3410 ipse
2528 3329 2763 3390 fatetur
2807 3331 2958 3403 Leo,

787 3430 1012 3492 nempe
1056 3408 1487 3471 Occidentales
1532 3409 1642 3492 qui
1690 3431 1815 3471 non
1861 3421 2163 3492 respuunt
2210 3421 2463 3496 quartas
2508 3414 2774 3494 nuptias,
2818 3414 2958 3474 aiii-

786 3512 908 3575 que
950 3494 1021 3555 iis
1063 3490 1290 3554 addicti
1340 3514 1415 3554 ac
1452 3493 1714 3555 sanioris
1771 3495 2014 3568 mentis,
2063 3516 2218 3577 quos
2264 3517 2385 3559 non
2431 3496 2656 3557 lateret
2697 3494 2962 3556 Romani

785 3575 1042 3639 maxime
1087 3575 1398 3658 pontificis
1445 3577 1782 3638 auctoritas
1813 3576 2205 3660 dispensandi
2250 3582 2310 3638 in
2353 3579 2423 3641 iis
2479 3600 2641 3662 quae
2680 3588 2827 3641 sunt
2866 3580 2966 3640 iu-

784 3660 867 3719 ris
909 3658 1205 3722 duntaxat
1247 3658 1655 3737 ecclesiastici,
1704 3682 1818 3721 nec
1860 3661 1922 3722 id
1968 3662 2347 3734 universalis,
2396 3661 2501 3723 sed
2541 3662 2873 3744 peculiaris
2900 3662 2962 3723 iu

786 3739 1071 3819 Oriente,
1112 3744 1202 3803 uti
1250 3742 1410 3804 istud
1460 3744 1538 3803 de
1578 3744 1776 3805 tertiis
1818 3753 1881 3805 et
1913 3746 2145 3827 quartis
2187 3746 2418 3828 nuptiis
2461 3747 2683 3823 vetitis)
2727 3747 2835 3809 sed
2881 3747 2965 3806 ita

783 3832 856 3883 ut
895 3824 1200 3888 defunctis
1250 3828 1402 3889 aliae
1444 3828 1572 3888 aliis
1613 3826 2040 3906 succederent,
2083 3830 2209 3890 sive
2253 3830 2442 3890 etiam
2486 3830 2589 3891 aiii
2628 3830 2780 3906 aliis,
2831 3832 2962 3927 lege

784 3906 887 3968 ina
949 3910 1273 3971 universali
1339 3910 1713 3992 praesidium
1772 3932 2072 3995 quaerens
2117 3914 2353 3995 quartis
2394 3911 2509 3973 iliis
2553 3916 2672 3975 suis
2713 3915 2966 3996 nuptiis,

787 4010 1052 4071 quarum
1095 3995 1345 4055 nomine
1377 3995 1661 4056 Nicolaus
1706 3996 2064 4078 patriarcha
2093 3997 2482 4058 anathemate
2525 3996 2806 4071 ferierat3
2853 3997 2966 4057 ad·-

789 4092 994 4156 eoque
1044 4077 1363 4157 scripserit
1409 4078 1724 4141 Cedrenus
1770 4079 1941 4163 quod
1994 4088 2058 4142 et
2100 4080 2520 4163 Curopalata‚
2577 4084 2715 4142 κατ’
2741 4075 2746 4081 ’
2772 4076 2970 4142 αὐτὸν

780 4156 1042 4241 perinde
1083 4180 1158 4220 ac
1194 4163 1346 4244 ipse,
1392 4161 1500 4244 qni
1546 4162 1632 4224 sic
1673 4173 1980 4245 quattuor
2021 4182 2246 4227 uxores
2302 4164 2604 4226 duxerat:
2669 4162 2966 4225 haeresim

790 4251 975 4303 vocat
1016 4243 1165 4322 Leo,
1211 4245 1302 4305 nti
1346 4246 1479 4308 fere
1496 4247 1721 4309 Graeci
1763 4247 2148 4326 calentiores,
2190 4248 2490 4333 quicquid
2519 4247 2706 4311 etiam
2748 4267 2966 4310 eornm
