3352 5237
1216 1133 1358 1206 AD

204 1366 918 1463 LEONIS
1060 1367 2374 1474 GRAMMATICI

456 1616 705 1689 VITAS
772 1614 1401 1718 RECENTIORUM
1463 1619 2106 1700 IMPERATORUM

471 1831 572 1896 Fa.
614 1832 938 1897 Fnsnctsci
986 1833 1285 1898 Connus
1333 1833 1575 1898 Ordinis
1612 1837 2094 1904 Praedicatorum
2151 1889 2158 1896 .

805 1999 1313 2082 Congregationis
1350 2002 1411 2064 S.
1452 2001 1777 2080 Ludovici‚

794 2189 885 2283 N
1007 2186 1097 2281 Ο
1214 2191 1296 2279 Τ
1414 2196 1501 2281 Α
1617 2192 1720 2282 Ε.

182 2534 439 2626 Leonis
484 2562 893 2625 Grammatici
948 2584 1023 2624 an
1092 2570 1256 2626 extet
1301 2570 1773 2625 mouumentum
1843 2564 2014 2627 aliud
2080 2573 2190 2627 aut
2230 2587 2368 2629 me·-

187 2646 415 2722 moria‚
451 2668 552 2707 me
596 2646 767 2709 latet.
850 2648 1033 2709 fuisse
1074 2668 1218 2708 eum
1258 2668 1594 2730 supparem
1637 2647 1753 2709 illis
1795 2669 2070 2731 quorum
2119 2671 2214 2713 res
2256 2672 2371 2733 go·-

186 2743 307 2795 stas
348 2740 718 2812 prosecutus
762 2739 896 2807 est,
967 2731 1094 2812 ipsa
1136 2731 1514 2814 subscriptio
1581 2730 1749 2794 clare
1787 2731 2038 2796 indicat.
2123 2755 2273 2795 uum
2322 2735 2368 2795 is

190 2817 322 2898 ipse
361 2815 441 2876 sit
487 2814 657 2875 cuius
698 2815 975 2876 meminit
1003 2813 1320 2876 Cedrenus
1348 2815 1528 2876 initio
1562 2814 1879 2892 historiae,
1909 2816 2103 2880 Λέων
2150 2812 2187 2877 o‘
2215 2819 2367 2880 Κα-

184 2897 350 2979 ρίας,
395 2896 757 2960 coniectura
802 2918 927 2958 non
976 2897 1123 2958 levis
1170 2899 1379 2975 fuerit,
1427 2920 1569 2960 cum
1613 2901 1815 2981 ipsum
1840 2901 2068 2962 Leonis
2115 2920 2363 2979 nomen,

186 2991 322 3043 tum
367 2981 541 3063 quod
586 2982 705 3043 alia
750 3003 823 3042 ac
858 2981 1160 3062 tantisper
1206 2982 1544 3045 recentiori
1575 3004 1765 3043 manu
1805 2983 2152 3045 subiectum
2201 2994 2366 3047 extat

187 3065 278 3127 illi
323 3065 767 3146 subscriptioni
814 3065 878 3125 iu
928 3067 1078 3148 Reg.
1123 3064 1264 3127 cod.
1310 3064 1501 3127 Λέων
1543 3061 1852 3144 πρόεδρος
1893 3061 2004 3126 καὶ
2042 3063 2193 3138 δοὺξ
2237 3068 2366 3129 τῶν

186 3149 621 3227 κιβυραιωτῶν
670 3144 705 3208 ὅ
752 3144 1204 3227 Τζικᾰνδαλος,
1251 3149 1361 3210 καί
1405 3146 1627 3218 οἰκεῖος
1668 3136 2006 3227 ἅνθρωπος
2048 3149 2167 3210 τοῦ·
2209 3170 2363 3229 κρα-

181 3230 372 3293 ταιοῦ
418 3226 528 3293 καὶ
581 3228 832 3309 πρώτου
896 3226 1074 3309 ἡμῶν
1110 3230 1443 3309 βασιλέως.
1553 3229 1865 3293 adiectum
1907 3231 2071 3294 enim
2114 3231 2238 3293 boc
2281 3233 2361 3294 ad

184 3322 510 3376 auctorem
537 3313 975 3398 designandum
1000 3315 1115 3375 sibi
1160 3315 1296 3398 quis
1333 3313 1511 3375 facile
1536 3313 1925 3396 persuadeat.
1977 3315 2206 3398 Cibyra
2234 3315 2361 3376 Pli-

182 3397 290 3458 nio
318 3399 535 3460 Cariae
573 3406 681 3476 est,
728 3397 838 3460 etsi
871 3396 999 3458 aliis
1017 3397 1343 3482 Phrygiae,
1389 3418 1548 3480 quae
1587 3404 1732 3458 sunt
1771 3399 2054 3482 regiones
2100 3397 2358 3461 vicinae.

180 3488 248 3542 at
287 3502 433 3541 num
472 3484 661 3566 magis
704 3479 863 3542 istud
886 3480 1188 3543 Vaticano
1234 3503 1305 3542 ac
1331 3481 1678 3543 Barberino
1724 3481 2153 3544 continuatori
2197 3502 2357 3542 ano-

180 3585 372 3648 nymo
416 3567 763 3641 conveniat,
805 3586 989 3649 quem
1033 3563 1424 3628 etCedrenus
1465 3564 1805 3648 praecipue
1848 3576 1993 3647 post
2018 3563 2356 3648 Theopha..

180 3668 325 3711 nem
369 3650 665 3733 sublegit,
728 3649 982 3712 haereo.
1088 3650 1135 3710 is
1197 3670 1464 3733 namque
1519 3670 1666 3710 vere
1707 3649 2121 3731 imperatoris,
2165 3658 2355 3732 atque

180 3731 247 3793 id
286 3731 499 3814 primi,
572 3732 884 3795 familiaris
931 3733 1068 3809 fuit,
1118 3732 1209 3795 uti
1252 3732 1451 3829 liquet
1492 3753 1562 3793 ex
1612 3733 1963 3813 prooemio,
2011 3754 2140 3817 quo
2182 3754 2352 3793 suam

179 3815 268 3876 ini
317 3815 637 3877 historiam
702 3839 772 3877 ac
839 3816 1262 3879 recentiorum
1330 3825 1783 3897 imperatorum
1847 3817 2004 3876 vitas
2046 3815 2350 3892 inscribit,

178 3919 403 3982 nempe
443 3899 875 3974 Constantino,
926 3900 1034 3983 qui
1079 3909 1145 3964 et
1185 3900 1422 3983 primus
1473 3899 1835 3979 imperator,
1882 3900 1992 3961 etsi
2036 3920 2176 3960 eum
2217 3900 2348 3963 Ro..

176 4004 393 4045 manus
413 3984 493 4045 ab
539 4004 614 4046 eo
648 3984 992 4066 imperator
1033 3985 1304 4047 adlectus
1346 3981 1543 4080 gradu
1585 3982 1915 4060 deiecerat,
1954 3983 2352 4064 primumque

174 4068 304 4149 ipse
365 4068 571 4130 locum
632 4088 704 4128 ac
751 4067 1056 4149 gerendae
1114 4066 1488 4150 reipublicae
1558 4064 1996 4127 auctoritatem
2049 4086 2347 4128 summam

175 4162 607 4233 usurpaverat,
643 4172 715 4212 ac
755 4160 1007 4233 praeter
1047 4152 1300 4214 titulum
1344 4150 1440 4210 vix
1484 4147 1649 4211 aliud
1692 4148 1865 4231 quod
1905 4150 1983 4209 sit
2017 4150 2346 4212 maiestatis

173 4235 581 4297 Constantino
631 4233 989 4319 reliquerat.
1076 4246 1140 4298 at
1186 4233 1337 4296 nihil
1369 4242 1538 4295 vetat
1576 4233 1755 4295 fuisse
1796 4234 2227 4311 Constantino,
2275 4242 2345 4295 ut

378 4358 487 4412 Leo
528 4359 942 4413 Grammaticus.
1976 4354 2047 4408 33
