3352 5237
1319 382 1432 448 AD
1486 382 1838 448 LEONEM.

476 536 795 592 Theodorus
831 534 1040 588 Abuces
1076 533 1371 588 monachus
1408 553 1510 607 pa-

546 610 623 661 cis
660 607 978 661 conciliator
1012 604 1136 669 316,
1176 605 1229 658 9.

475 678 801 735 Theodorus
828 676 1161 747 archiepisco
1205 694 1265 729 us
1305 676 1513 729 Crithi-

545 767 648 804 nus
698 749 904 809 dictus,
944 747 1073 801 data
1121 746 1159 799 fi
1264 748 1516 800 Alexim

551 819 762 873 reducit
796 819 917 882 217,
953 818 1006 871 2.
1115 819 1231 871 eius
1280 819 1515 871 violatae

549 889 913 961 Theophilum
930 905 1179 958 arguens,
1194 888 1360 942 exilio
1374 890 1517 942 mul-

549 970 725 1014 ctatur
762 961 835 1011 ib.
851 959 902 1011 3.
924 1030 936 1044 ·
984 960 1265 1012 restitutus
1299 977 1356 1013 se
1393 960 1516 1031 epi-

484 1039 780 1155 wizai-²1¹2
787 1028 1411 1156 ,abffsszgssgmni
1460 1101 1520 1154 in

552 1174 732 1226 aulam
770 1171 1091 1242 prodromos
1128 1171 1251 1236 299,
1293 1173 1377 1226 12.

483 1243 803 1298 Theodorus
849 1244 1101 1311 magister
1135 1245 1281 1313 pacis
1334 1243 1520 1294 conci-

557 1315 721 1368 liator
753 1330 783 1366 a
806 1313 1073 1383 Symeone
1105 1315 1298 1366 missus
1322 1313 1444 1377 292,
1464 1311 1519 1364 3.

483 1384 804 1440 Theodorus
856 1385 1197 1438 Constantini
1249 1383 1523 1455 paedago-

556 1474 654 1525 gus
678 1457 975 1508 Romanum
1013 1453 1357 1525 drongarium
1391 1471 1524 1525 pro—

559 1527 712 1579 vehit
741 1524 966 1590 296,17.
1038 1526 1099 1579 in
1135 1526 1396 1597 palatium
1432 1532 1525 1577 tn-

557 1605 735 1650 torem
775 1596 1118 1652 Constantini
1157 1599 1383 1649 accersit
1399 1594 1524 1659 299,

559 1667 644 1720 13.
737 1668 943 1736 rapitur
992 1668 1051 1720 in
1113 1668 1337 1720 exilium
1372 1670 1525 1720 utin

560 1756 686 1791 eum
721 1737 1059 1790 machinatus
1099 1731 1222 1802 303,
1259 1739 1342 1790 11.

489 1809 813 1865 Theodorus
852 1808 1317 1879 protospatharius
1349 1817 1528 1863 crate-

563 1897 651 1933 rus
690 1878 869 1932 dictus
910 1887 1111 1945 martyr
1142 1878 1266 1943 224,
1307 1879 1390 1933 16.

488 1948 808 2003 Theodorus
851 1951 1097 2004 oratione
1133 1967 1234 2021 pro
1274 1950 1526 2020 imagini-

559 2021 665 2146 ¹2³&
680 2019 969 2146 deiunctus
987 2022 1045 2073 in
1079 2021 1303 2074 exilium
1320 2022 1525 2075 eiectus

490 2161 813 2218 Theodorus
842 2162 1009 2216 frater
1044 2160 1401 2232 Theophanis
1436 2163 1524 2215 in-

558 2232 1015 2353 slei-iptusbif'uu2b2i‘s3
1028 2232 1241 2353 ἲιιοέεω,
1272 2234 1331 2285 in
1356 2233 1523 2287 exilio

603 2318 708 2352 iem
750 2318 782 2353 o
823 2317 841 2351 ι
1017 2337 1034 2362 ,
1142 2335 1157 2350 .

490 2370 820 2424 Theodotus
877 2370 1202 2423 Melissenus
1231 2369 1526 2423 Cassiterss

560 2439 737 2494 dictus
757 2440 854 2492 GP.
875 2438 1382 2509 episcopus208,10.
1405 2439 1528 2504 209,

562 2511 647 2563 14.
685 2509 933 2563 dissoluti
967 2509 1202 2563 hominis
1237 2525 1433 2575 mores,
1466 2527 1530 2564 ac

564 2581 812 2635 inscitiae
849 2579 982 2634 ibid.
1021 2579 1105 2635 16.
1190 2580 1529 2636 Constantini

563 2653 814 2706 Cabalini
851 2652 1082 2738 probata
1104 2652 1360 2737 synodo,
1391 2655 1528 2706 ima-

496 2722 1323 2864 Tligegdzsi’gsssffizhssuiomper.
1340 2794 1459 2859 101,
1480 2795 1527 2847 1.

494 2864 834 2918 Theodosius
874 2866 1055 2918 Minor
1094 2864 1211 2926 106,
1254 2864 1336 2917 13.
1408 2864 1532 2919 bel·

566 2938 673 2988 lum
708 2937 974 2989 Persicum
1024 2935 1143 2999 108,
1179 2935 1231 2988 9.

499 3006 842 3060 Theodosius
876 3007 1319 3077 protovestiarius
1359 3023 1390 3058 a
1425 3008 1528 3073 Sy·

560 3094 757 3131 meone
795 3079 1002 3147 praelio
1038 3078 1243 3129 occisus
1281 3076 1406 3140 269,
1444 3078 1496 3130 7.

491 3148 856 3219 Theophanes
922 3147 1217 3217 Phalganus
1271 3148 1533 3202 Theocti-

558 3227 702 3273 stum
736 3226 898 3273 necat
932 3218 1055 3283 235,
1093 3218 1177 3271 13.
1217 3217 1339 3282 236,
1376 3219 1458 3272 14.

492 3288 858 3360 Theophanes
884 3290 1049 3343 Poeta
1088 3291 1299 3344 vultum
1336 3291 1528 3344 iambis

558 3362 850 3431 inscriptus
869 3359 991 3421 226,
1016 3360 1099 3414 15.
1172 3360 1273 3413 sub
1285 3361 1526 3415 Michae-

559 3432 614 3483 le
651 3441 707 3486 et
744 3431 1035 3485 Theodora
1089 3430 1361 3485 Nicaenus
1405 3433 1525 3505 epi·

558 3518 751 3572 scopus
782 3503 907 3567 227,
949 3503 997 3554 1.

490 3569 852 3643 Theophanes
873 3573 1319 3645 protovestiarius
1350 3575 1526 3645 impe-

564 3643 628 3694 rii
667 3644 1068 3699 administrator
1102 3643 1226 3707 315,
1285 3645 1367 3696 11.
1468 3647 1525 3697 in

565 3714 703 3766 Petri
742 3716 951 3785 Bulgari
990 3722 1048 3768 et
1074 3713 1278 3767 Mariae
1318 3716 1525 3785 nuptiis

564 3784 842 3853 pronubus
881 3786 1006 3849 317,
1032 3784 1120 3839 22.
1192 3803 1524 3855 componen-

563 3852 636 3907 do
656 3872 774 3907 cum
795 3858 1004 3916 Tamis,
1017 3853 1344 3927 prudentiae
1364 3857 1525 3909 laude

563 3926 782 3978 excellit
796 3926 921 3992 322,
943 3926 1024 3979 19.
1061 3928 1348 3981 Bassorum
1388 3929 1526 3980 clas-

562 4013 674 4048 sem
710 3999 897 4060 semel,
937 3999 1240 4071 iterumque
1272 3998 1529 4052 dissoluit

560 4065 686 4130 323,
725 4067 807 4120 13.
843 4066 967 4133 324,
1013 4066 1098 4121 13.
1204 4071 1528 4124 accubitoris

561 4136 826 4207 dignitate
859 4147 1088 4208 augetur
1121 4140 1252 4193 ibid.
1341 4158 1529 4212 pacem

564 4225 683 4261 cum
716 4210 906 4263 Turcis
956 4209 1028 4265 ad
1076 4224 1248 4266 annos
1284 4215 1527 4286 quinque

562 4283 839 4352 componit
874 4282 998 4345 325,
1022 4280 1071 4334 5.
1152 4281 1350 4338 Christi
1392 4285 1530 4336 ima-

2501 378 2641 449 551

1680 534 1793 659 {ini
1818 532 2123 588 Edessena
2157 533 2373 588 obviam
2406 535 2652 607 procedit

1717 605 1873 672 26,2.
1901 607 2194 658 Romanum
2213 608 2499 660 restituere
2528 624 2649 660 mo-

1680 678 1841 740 liens,
1879 677 1936 732 in
1958 678 2179 729 exilium
2191 678 2408 731 eiicitur
2427 677 2643 742 330,11.

1612 746 1951 818 Theophane
1979 745 2202 799 Leontis
2236 766 2389 811 uxor,
2425 766 2493 801 eo
2531 764 2654 800 cum

1684 817 2309 960 ῗὲΐὲοὲἑῗέῗῗὲἔὸι
2329 817 2653 943 ῗέ·“3ἓὶῖὲἷ

1685 969 1774 1014 cta
1809 959 1980 1013 claret
2001 961 2272 1013 miraculis
2307 960 2430 1024 270,
2469 960 2553 1015 12.
2595 961 2655 1012 in

1686 1034 1804 1091 eius
1838 1030 2099 1084 honorem
2147 1039 2389 1084 extructa
2425 1032 2653 1084 ecclesia

1686 1101 1757 1154 ad
1797 1109 2008 1154 sanctos
2047 1119 2076 1153 a
2155 1102 2323 1154 stolos
2358 1102 2482 1165 274,
2521 1099 2573 1154 9.

1617 1170 2028 1243 Theophilitzes
2064 1118 2322 1225 lffsilium
2358 1172 2526 1227 tradit
2546 1171 2656 1225 m-

1689 1242 1867 1295 chaeli
1905 1241 2026 1305 230,
2071 1244 2155 1297 12.

1617 1313 1964 1384 Theophilus
1979 1313 2265 1366 Michaelis
2296 1311 2442 1366 fliius
2482 1314 2660 1383 impe-

1691 1384 1758 1437 rii
1794 1384 2002 1454 collega
2032 1401 2064 1436 a
2099 1393 2254 1455 patre
2272 1383 2515 1438 adlectus
2534 1384 2660 1449 211,

1695 1456 1778 1511 17.
1848 1454 2193 1508 Theodoram
2238 1456 2522 1524 coniugem
2560 1452 2659 1507 de-

1692 1526 1815 1594 ligit
1857 1524 1980 1587 213,
2024 1526 2105 1578 17.
2181 1525 2381 1578 icasiae
2437 1525 2658 1596 nuptias

1691 1593 2661 1738 :⁶:32¹t.}}⁴;.3÷..¹;51‘22¹2¹1⁸252¹⁰323

1694 1736 2038 1809 Theophobo
2073 1740 2230 1791 Persa
2270 1754 2390 1789 cum
2426 1738 2535 1789 suis
2574 1752 2663 1788 re-

1693 1817 1876 1880 cepto,
1917 1817 2148 1862 turmam
2160 1809 2436 1861 Persarum
2463 1805 2663 1861 dictam

1694 1897 1764 1933 ex
1812 1880 1889 1932 eis
1930 1881 2218 1933 constituit
2247 1878 2371 1941 215,
2411 1883 2464 1935 5.
2555 1877 2664 1931 sibi

1695 1967 1821 2003 eum
1855 1951 2084 2003 levirum
2119 1950 2247 2004 facit
2262 1949 2336 2003 ib.
2351 1949 2403 2002 9.
2476 1950 2662 2003 Petro-

1692 2038 1820 2074 nam
1854 2021 2050 2074 viduae
2105 2021 2355 2075 iniuriam
2390 2020 2665 2074 severissi-

1693 2110 2222 2217 ...
2260 2091 2665 2232 affixam
2723 2233 2729 2238 ,

1693 2234 1829 2287 facit
1858 2233 1982 2297 216,
2006 2232 2060 2286 9.
2131 2241 2442 2303 suspectum
2474 2234 2533 2285 in
2572 2232 2662 2284 Si·

1696 2304 1879 2355 ciliam
1907 2301 2161 2357 amandat
2189 2304 2262 2356 ib.
2288 2303 2371 2355 13.
2446 2318 2668 2355 revoca-

1693 2381 1828 2433 tum,
1847 2381 2033 2426 contra
2053 2372 2215 2427 fidem
2251 2373 2581 2437 verberibus,
2605 2381 2665 2425 et

1695 2458 1906 2496 carcere
1940 2443 2125 2511 aflligit
2157 2442 2280 2507 217,
2300 2442 2349 2496 5.
2365 2442 2417 2495 8.
2458 2442 2664 2496 Mariae

1698 2513 1843 2564 filiae
1866 2514 2149 2576 tumulum,
2171 2515 2349 2566 locum
2377 2512 2511 2582 asyli
2537 2513 2670 2566 facit

1696 2582 1822 2648 216,
1855 2582 1936 2638 16.
2007 2583 2356 2638 Theodorum
2391 2583 2666 2652 archiepi-

1697 2672 1922 2724 scopum
1960 2656 2128 2709 exilio
2148 2657 2308 2727 punit
2326 2654 2448 2718 217,
2464 2655 2514 2709 2.
2551 2655 2670 2708 Ma·

1701 2726 1920 2779 nuelem
1955 2725 2150 2780 ducum
2208 2727 2561 2779 fortissimum
2599 2723 2669 2777 ad

1701 2799 1882 2852 Persas
1921 2798 2105 2869 fugere
2138 2798 2280 2865 cogit
2316 2797 2543 2861 218,12.
2583 2812 2671 2848 re-

1700 2877 1948 2922 vocatum
2003 2869 2301 2922 honoribus
2352 2877 2531 2939 auget,
2567 2883 2669 2922 eo·

1699 2939 2450 3063 2¹3¹„⁰.2.⁹3¹35>‘¹¹2‘{‘3¹¹³⁸v2‘:,0220
2469 2938 2668 3063 {2523

1702 3088 1763 3132 et
1797 3079 1988 3133 habitu
2022 3082 2082 3133 in
2120 3081 2260 3133 circo
2297 3079 2440 3132 ludit
2476 3079 2667 3144 222,1.

1697 3152 1806 3203 iam
1849 3152 1908 3204 in
1946 3151 2176 3204 Arabum
2215 3160 2498 3203 venturum
2554 3168 2667 3203 ma-

1697 3238 1817 3285 nus,
1854 3224 1999 3275 vitae
2034 3239 2164 3274 suae
2181 3222 2426 3292 periculo
2442 3221 2666 3274 Manuel

1699 3293 1862 3362 eripit
1896 3294 1971 3345 ib.
1997 3294 2077 3345 11.
2135 3291 2455 3345 michaelem
2493 3292 2667 3344 fllium

1698 3364 1923 3435 suscipit
1954 3364 2027 3416 ib.
2058 3362 2140 3416 18.
2214 3364 2395 3435 aequi,
2426 3363 2668 3433 iurisque

1693 3435 2067 3488 tenacissimus
2096 3433 2235 3500 223,
2275 3434 2323 3489 1.
2428 3431 2499 3485 ab
2533 3437 2667 3487 Ara-

1696 3505 1860 3560 bibns
1898 3506 2209 3575 profligatur
2247 3502 2371 3571 224,
2412 3506 2460 3556 1.
2535 3505 2668 3556 ima.

1698 3578 1850 3645 giues
1891 3577 2215 3641 abolet22l,
2252 3572 2331 3628 14.
2403 3577 2663 3628 Ioannem

1698 3648 2004 3714 syncellum
2043 3647 2254 3715 magias
2280 3646 2554 3699 addictum
2569 3646 2665 3699 CP.

1700 3717 2374 3843 episcopuntitiprfflcitsib.
2403 3719 2667 3840 115.οΔωο-

1700 3806 1834 3841 rium
1872 3806 1976 3841 ami
2218 3828 2237 3853 ,
2312 3826 2327 3840 .
2506 3805 2667 3841 onem

1698 3858 2084 3929 philosophum
2121 3859 2253 3911 ludo
2285 3859 2666 3932 praeficit225,

1701 3929 1750 3982 7.
1822 3931 1978 4000 plura
2012 3932 2218 3983 extruit
2254 3931 2312 3982 in
2347 3931 2552 4001 palatio
2591 3931 2670 3985 ib.

1697 4001 1789 4052 SS.
1847 4000 2239 4072 Theophanem
2297 4002 2548 4063 Poenam,
2609 3998 2670 4053 e't

1700 4071 2049 4125 Theodorum
2107 4073 2326 4125 fratrem
2367 4072 2560 4125 iambis
2598 4070 2668 4122 ad

1702 4141 1899 4195 faciem
1931 4143 2180 4198 inscribit
2208 4141 2334 4206 226,
2374 4144 2457 4196 15.
2559 4142 2669 4194 Μὶ-

1697 4212 1943 4266 chaelem
1977 4215 2151 4266 filium
2191 4224 2415 4268 coronat
2429 4213 2559 4278 227,
2582 4212 2667 4264 10.

1699 4283 2095 4357 Theophohum
2122 4286 2329 4339 Persam
2371 4293 2531 4339 necat
2545 4283 2667 4347 228,
