3352 5237
501 1287 1435 1388 IMMANUELIS
1518 1286 2153 1382 BEKKERI

808 1506 1860 1637 'PRAEFAT1Q·

230 1907 536 2002 Leonis
581 1923 1031 2024 grammatici
1078 1935 1362 2022 partem
1413 1946 1576 1997 eam
1644 1946 1836 2021 quae
1904 1947 1946 1996 a
1992 1947 2067 2020 p.
2101 1927 2244 1995 207
2318 1919 2415 1993 ad

232 2085 378 2155 331
434 2081 778 2179 pertinet,
826 2077 1332 2179 postGoarum
1351 2075 1834 2152 Combefisius
1865 2076 2123 2174 edidit,
2169 2078 2413 2151 Theo-

228 2228 499 2327 phanis
561 2228 673 2301 sui
720 2253 794 2326 p.
827 2223 1251 2303 443—510.
1363 2228 1665 2302 alteram
1723 2251 1959 2326 nuper
2008 2225 2411 2301 admodum

233 2377 291 2449 1.
340 2376 424 2448 A.
479 2374 859 2450 Cramerus
915 2375 1226 2472 adiecit,
1264 2373 1812 2449 Anecdotorum
1879 2356 2321 2449 Graecorum
2371 2401 2413 2447 e

230 2523 618 2599 codicibus
663 2525 1171 2625 manuscriptis
1216 2525 1711 2599 bibliothecae
1738 2524 2000 2625 Regiae
2048 2524 2412 2597 Parisien-

230 2675 330 2748 sis
380 2680 432 2750 2
474 2670 997 2776 p.243—379.
1051 2676 1182 2774 qui
1231 2675 1333 2749 ita
1379 2674 1742 2774 praefatus
1790 2687 1918 2747 est.

628 2825 830 2899 Hanc
877 2824 1246 2923 Anonymi
1311 2821 2015 2925 chronographiam,
2078 2849 2302 2923 quam
2371 2849 2412 2895 e

635 2971 895 3046 codice
977 2969 1126 3047 854
1188 2973 1234 3046 f.
1308 2977 1458 3049 328
1524 2999 1584 3047 r.
1647 2973 2126 3074 deprompsi,
2188 2972 2413 3045 Leoni

631 3122 1103 3219 grammatico
1171 3081 1429 3196 tribuit
1476 3121 1783 3220 catalogi
1830 3120 2240 3222 confector,
2285 3118 2417 3191 sed

634 3293 1061 3367 perperam,
1127 3269 1386 3344 credo:
1452 3293 1625 3343 nam
1703 3292 1788 3343 ea
1850 3281 2058 3368 parte
2132 3280 2414 3341 tantum

634 3419 879 3516 operis
912 3441 1188 3491 nomen
1211 3417 1477 3492 Leonis
1512 3430 1895 3518 comparet
1943 3440 2134 3516 quae
2163 3418 2415 3515 sequi-

628 3578 747 3638 tur
771 3578 1109 3663 tempora
1160 3591 1478 3665 quorum
1512 3567 1807 3641 annales
1840 3565 2153 3640 confecit
2173 3565 2418 3637 Theo-

632 3714 939 3811 phanes,
957 3728 1031 3788 et
1051 3715 1237 3788 haec
1262 3717 1431 3790 satis
1469 3727 1881 3814 congruunt
1916 3737 2085 3787 cum
2119 3713 2208 3786 iis
2228 3738 2419 3811 quae

633 3858 766 3934 sub
814 3863 973 3978 Q'us
995 3863 1258 3937 Leonis
1306 3865 1606 3938 nomine
1656 3865 1736 3937 in
1755 3862 2081 3962 Corpore
2130 3862 2418 3960 Byzant.

632 4009 890 4108 Script.
939 4013 1221 4111 vulgata
1267 4026 1456 4087 sunt.
1579 4012 1728 4086 hoc
1779 4011 2184 4085 chronicon
2237 4010 2418 4082 mihi

640 4157 924 4233 videtur
972 4183 1126 4234 esse
1177 4161 1589 4235 confectum
1653 4185 1741 4232 ex
1786 4159 1999 4234 variis
2043 4158 2420 4255 scriptori-

638 4304 798 4401 bus,
833 4302 1193 4404 Cedreno,
1226 4307 1500 4382 Ioanne
1525 4307 2015 4402 Antiocheno,
2064 4304 2420 4377 chronico
