3352 5237
1018 419 1162 490 516
1509 426 1620 487 AD
1681 423 2008 487 LEONEM
2069 419 2688 486 GRAMMATICUM

1188 578 1262 641 17
1345 570 1494 639 οὔτε
1532 569 2099 659 ἑπιδιατάσσομαι]
2143 574 2273 657 ipsa
2304 583 2394 636 est
2428 573 2559 636 aliis
2599 573 2806 634 verbis
2847 573 3049 655 prima
3090 575 3190 635 in-

1016 664 1443 746 terrogatione
1468 663 1531 727 S.
1554 658 1888 741 Nicephori
1937 659 2256 740 responsio
2287 678 2351 739 p.
2376 656 2498 719 437
2528 679 2547 717 e
2595 658 2751 718 nihil
2787 678 2993 718 eorum
3033 680 3189 742 quae

1016 757 1133 810 etc.
1173 767 1332 807 nova
1372 745 1750 807 ordinatione
1786 756 2005 807 everto.
2090 742 2179 803 sic
2218 761 2463 823 semper
2507 751 2681 803 vetus
2724 739 2871 800 fides
2917 762 3189 824 unaque.

1182 861 1258 923 18
1363 856 1745 943 διεφορήθη]
1805 857 2039 938 dgfflato
2113 859 2354 921 humore
2412 871 2518 919 aut
2574 857 2881 919 sudoribus
2941 859 3192 919 molum

1010 948 1301 1032 tantisper·
1334 944 1657 1006 convaluit.

1182 1060 1257 1124 19
1366 1055 1434 1121 τὸ
1473 1052 1700 1138 συρτά]
1769 1077 1893 1118 non
1936 1058 2176 1118 silenter·
2212 1064 2465 1138 putem,
2511 1055 2603 1117 uti
2660 1049 3016 1124 redditum:
3061 1077 3190 1118 non

1009 1146 1175 1208 euim
1215 1144 1299 1206 ita
1340 1143 1665 1226 peragitur
1743 1138 1868 1202 uod
1907 1140 2311 1204 tumultuaria
2333 1140 2600 1200 militum
2644 1161 2833 1200 manu
2873 1160 3189 1223 exequen-

1011 1227 1159 1289 dum
1204 1228 1572 1289 mandaturt
1638 1246 1703 1287 se
1798 1224 2089 1288 nubendo
2134 1231 2476 1305 apertaque
2516 1221 2577 1283 vi
2637 1222 3028 1303 patriarchio
3073 1245 3189 1284 ex-

1013 1318 1376 1393 portarent,
1421 1308 1686 1373 necdum
1725 1307 1959 1370 scilicet
2005 1328 2122 1389 per
2163 1306 2613 1389 aegritudinem
2659 1306 2859 1387 ipsum
2895 1306 3190 1369 incedere

1009 1395 1334 1457 valentem.

1175 1491 1254 1554 20
1359 1489 1717 1554 ἀπέκτεινεν
1770 1489 1882 1550 καί
1952 1482 2427 1564 ἕθαλᾰσσωσεν]
2485 1490 2786 1552 ahter-emit
2842 1510 2920 1549 ac
2966 1490 3192 1573 pelago

1009 1569 1236 1656 mersit,
1276 1598 1344 1638 ex
1413 1583 1688 1656 utroque
1728 1572 1964 1635 scilicet
2019 1570 2261 1633 ordine.
2363 1571 2512 1655 quid
2568 1571 2716 1633 velit
2759 1572 2838 1634 de
2880 1575 3192 1636 revocatis

1011 1660 1288 1722 exulibus
1329 1657 1652 1719 deficiente
1695 1656 1912 1718 codice
1950 1655 2232 1717 divinare
2272 1676 2399 1716 non
2443 1676 2789 1738 possumus.

1181 1783 1255 1845 21
1342 1776 1448 1843 uir
1496 1784 1718 1863 χαλη.]
1778 1801 1904 1842 uno
1948 1781 2149 1844 verbo
2195 1790 2420 1842 auctor
2464 1800 2805 1865 anonymus
2866 1776 2946 1841 τὰ
2992 1777 3194 1855 §mdia

1010 1863 1122 1928 τοῦ
1162 1860 1602 1945 ἱπποδρομιόυ.
1647 1864 1989 1927 draconem
2016 1863 2290 1947 intelligo
2333 1863 2413 1926 ad
2455 1865 2610 1926 circi
2637 1886 2809 1928 mare
2849 1884 2958 1925 seu
2999 1885 3194 1946 aqua-

1014 1972 1157 2012 rum
1195 1949 1395 2012 sinum
1438 1970 1512 2010 ac
1556 1949 1813 2010 fontem.

1003 2118 1011 2124 ,
1179 2056 1258 2117 22
1341 2049 1374 2116 ὃ
1408 2050 1819 2132 Ἀμορραῖος]
1888 2076 2012 2116 non
2059 2055 2265 2136 placet
2305 2076 2376 2117 ea
2417 2077 2559 2129 vox,
2606 2075 2719 2116 nec
2805 2052 2933 2116 uod
2975 2076 3198 2118 emen-

1016 2138 1250 2215 datum,
1301 2133 1335 2197 ὅ
1374 2135 1748 2216 Ἀμωραῖος.
1792 2140 2007 2200 melius
2047 2139 2458 2200 continuator
2498 2138 2641 2200 Vnt.
2685 2130 2721 2196 ὅ
2761 2161 2795 2200 ε
2865 2135 3193 2218 Ἀμορίου.

1015 2221 1187 2305 quod
1232 2222 1439 2283 statim
1479 2221 1765 2304 sequitur
1810 2222 1889 2284 de
1933 2221 2186 2284 remissa
2228 2223 2531 2304 tantisper
2570 2221 2869 2283 Michaele
2918 2222 3198 2303 impera-

1015 2314 1158 2367 tore
1201 2305 1463 2366 excitata
1506 2325 1544 2365 a
1586 2306 1798 2368 Leone
1838 2306 2309 2388 persecutione,
2352 2305 2602 2388 egregie
2645 2306 2913 2388 Ignatins
2956 2305 3022 2366 in
3067 2306 3196 2366 vita

1016 2389 1081 2448 S.
1119 2387 1457 2471 Nicephori
1497 2388 1769 2470 exponit,
1859 2389 1923 2451 ui
1962 2397 2026 2451 et
2069 2396 2354 2449 navatam
2390 2388 2532 2450 viro
2573 2397 2789 2450 sancto
2819 2408 3084 2470 operam
3127 2398 3202 2449 nt

1016 2471 1381 2533 Michaelem
1425 2471 1717 2534 ecclesiae
1771 2493 1804 2531 a
1853 2472 2089 2535 diceret
2142 2471 2405 2554 pulchre
2445 2470 2766 2549 describit,
2811 2471 3199 2534 deterrendo

1019 2557 1310 2616 nimirum
1372 2556 1451 2617 ab
1508 2554 1748 2618 haeresi
1813 2554 2146 2620 decessoris
2217 2554 2519 2639 exemplo,
2553 2557 2687 2640 -qui
2733 2557 2818 2616 ita
2859 2556 3082 2618 misere
3132 2558 3199 2617 in

1019 2639 1254 2721 templo
1286 2641 1491 2702 *vitam
1529 2639 1898 2722 abrupisset.
1999 2639 2334 2724 quaesitam
2393 2642 2543 2703 item
2583 2639 2868 2702 Michae‘li
2914 2630 3205 2723 οἷδιαφο-

1019 2722 1192 2801 ριάν,
1235 2729 1300 2784 et
1341 2729 1413 2783 ut
1450 2723 1624 2806 quod
1667 2722 1852 2784 vellet
1891 2724 2150 2807 quisque
2184 2730 2550 2805 sectaretur,
2592 2744 2708 2785 nec
2751 2721 2854 2783 alii
2900 2723 3035 2785 aliis
3079 2723 3204 2786 ob·

1022 2803 1480 2888 loquerentur3
1523 2827 1720 2890 eaque
1761 2805 1987 2868 silentii
2028 2805 2389 2869 conditione
2408 2805 2792 2951 Nice‘phorus
2832 2803 3042 2868 sedem
3087 2828 3205 2870 re-

1022 2886 1284 2966 ciperet.
1385 2909 1607 2951 verum
1667 2888 1823 2951 haec
1874 2891 2179 2973 tantisper
2242 2900 2538 2973 expectan
2584 2914 2620 2952 a
2639 2935 2659 2968 ,
2704 2899 2775 2950 ut
2818 2899 2881 2952 et
2915 2889 3206 2953 laudatus

1022 2972 1445 3116 continussttpr,
1487 2974 1596 3056 qni
1640 2972 1771 3056 ipse
1809 2974 1939 3036 fuse
1964 2972 2371 3057 prosequitur
2414 2995 2576 3058 quae
2611 2975 2739 3037 Leo
2782 2974 2952 3036 velut
2994 2976 3206 3036 solum

1024 3075 1141 3115 acu
1181 3077 1263 3116 no

1190 3153 1271 3216 23
1358 3146 1477 3237 ἀφ’
1528 3142 1662 3234 ὧν]
1726 3157 1909 3218 aliter
1978 3157 2300 3219 emendem
2357 3179 2544 3242 quam
2609 3157 2941 3240 interpreti
2998 3157 3208 3219 visum

1023 3235 1291 3322 [omittit
1324 3238 1640 3323 Goerus];
1685 3241 2031 3324 leviorique
2072 3263 2175 3304 seu
2226 3241 2434 3323 potius
2476 3239 2641 3303 nulla
2684 3242 3052 3318 mutatione,
3092 3240 3208 3303 sed

1023 3321 1201 3382 unius
1251 3321 1547 3383 duntaxat
1585 3323 1897 3401 elementi,
1939 3324 2109 3407 quod
2136 3324 2463 3403 ,festinanti
2507 3325 2751 3387 scribae
2793 3324 3043 3400 excidit,
3092 3346 3209 3387 re-

1021 3404 1374 3481 stitutione,
1419 3416 1489 3466 nt
1535 3403 1683 3467 ἀντὶ
1721 3405 1838 3467 τοῦ
1895 3402 2008 3489 ἀφ’
2049 3396 2171 3487 οὖν,
2213 3408 2292 3468 sit
2336 3398 2642 3490 ”Ampmvx
2702 3430 2832 3469 cum
2894 3409 3066 3471 haud
3117 3411 3210 3470 ἰια

1013 3488 1257 3570 pn‘dem
1302 3487 1450 3566 Afri
1489 3489 1564 3550 ob
1612 3504 1860 3572 peccata
1892 3491 2110 3577 populi
2124 3533 2142 3565 ‚
2191 3512 2507 3574 eorumque
2543 3494 2650 3576 qui
2686 3513 2884 3553 rerum
2919 3494 3209 3576 pods-en-

1022 3584 1122 3632 tur·
1156 3573 1511 3654 impietatem
1535 3619 1552 3647 ,
1589 3576 1908 3659 coepissent
1942 3596 2036 3635 res
2082 3574 2546 3636 Clmka‘anonan
2606 3577 2671 3636 in
2869 3578 2883 3591 ⁶
3191 3624 3213 3655 ,

1020 3674 1272 3799 ἰιῖεᾳω
1314 3654 1855 3801 ditionfgsaceoe.s
1902 3656 2136 3801 dictth
2173 3656 2300 3801 hotc
2343 3657 2859 3803 distilnctionpnab
2886 3659 3216 3806 aliislAbr:

1024 3758 1771 3885 sdctzss'seilxgllarmaegni?
1857 3761 2454 3887 {Zdrenzgsyzgaligs
2502 3762 2819 3908 Ἡίιέρὲοιξε
2845 3763 3081 3887 'regint-
3094 3829 3216 3910 qui

1025 3903 1276 3966 Cretam
1318 3914 1623 3988 ceperunt
1663 3907 1934 3991 aliasque
1973 3907 2213 3986 insulas,
2259 3909 2372 3990 ipsi
2404 3909 2702 3971 nimirum
2731 3908 2836 3993 qui
2874 3920 2940 3972 et
2979 3931 3216 3974 conse-

1023 3984 1252 4050 derunt
1292 3987 1356 4050 in
1400 3989 1609 4051 Africa
1650 4011 1723 4053 ac
1770 4002 2039 4075 utraque
2082 3990 2218 4053 loca
2261 3992 2575 4055 tenebant.

1184 4103 1268 4166 24
1347 4106 1874 4188 προσεκαλέσατο]
1937 4108 2168 4171 isthaec
2206 4109 2421 4172 eadem
2497 4109 2733 4171 Iuribus
2792 4078 3218 4170 continuator

1023 4184 1167 4247 Vnt.
1240 4195 1309 4250 et
1359 4209 1434 4251 ex
1474 4211 1550 4252 eo
1596 4189 1956 4270 Cedrenus;
2031 4193 2137 4276 qni
2180 4192 2343 4254 hanc
2395 4131 2570 4255 Tlieo
2622 4193 2728 4255 hili
2799 4192 3217 4255 severitatem

1025 4289 1146 4332 non
1190 4278 1317 4334 tam
1360 4271 1626 4337 iustitiae
1660 4278 1792 4339 zelo
1836 4277 2174 4356 ascribunt,
2219 4297 2409 4362 quam
2453 4277 2572 4339 uti
2621 4298 2655 4341 e
2684 4277 2798 4339 sibi
2841 4277 2922 4338 ab
2965 4276 3217 4339 insidiis
